%YAML 1.1
%TAG !u! tag:unity3d.com,2011:
--- !u!1 &1295740427245529786
GameObject:
  m_ObjectHideFlags: 0
  m_CorrespondingSourceObject: {fileID: 0}
  m_PrefabInstance: {fileID: 0}
  m_PrefabAsset: {fileID: 0}
  serializedVersion: 6
  m_Component:
  - component: {fileID: 7935899592808152068}
  - component: {fileID: 8940183755800043583}
  m_Layer: 0
  m_Name: Point
  m_TagString: Untagged
  m_Icon: {fileID: 0}
  m_NavMeshLayer: 0
  m_StaticEditorFlags: 0
  m_IsActive: 1
--- !u!4 &7935899592808152068
Transform:
  m_ObjectHideFlags: 0
  m_CorrespondingSourceObject: {fileID: 0}
  m_PrefabInstance: {fileID: 0}
  m_PrefabAsset: {fileID: 0}
  m_GameObject: {fileID: 1295740427245529786}
  m_LocalRotation: {x: 0, y: 0, z: 0, w: 1}
  m_LocalPosition: {x: -94.582, y: 33.503, z: -172.71}
  m_LocalScale: {x: 1, y: 1, z: 1}
  m_Children: []
  m_Father: {fileID: 7076806982140894375}
  m_RootOrder: 0
  m_LocalEulerAnglesHint: {x: 0, y: 0, z: 0}
--- !u!65 &8940183755800043583
BoxCollider:
  m_ObjectHideFlags: 0
  m_CorrespondingSourceObject: {fileID: 0}
  m_PrefabInstance: {fileID: 0}
  m_PrefabAsset: {fileID: 0}
  m_GameObject: {fileID: 1295740427245529786}
  m_Material: {fileID: 0}
  m_IsTrigger: 0
  m_Enabled: 1
  serializedVersion: 2
  m_Size: {x: 2, y: 1, z: 2}
  m_Center: {x: 0, y: 0, z: 0}
--- !u!1 &4002488155988270499
GameObject:
  m_ObjectHideFlags: 0
  m_CorrespondingSourceObject: {fileID: 0}
  m_PrefabInstance: {fileID: 0}
  m_PrefabAsset: {fileID: 0}
  serializedVersion: 6
  m_Component:
  - component: {fileID: 5888554908688025781}
  m_Layer: 0
  m_Name: Main City Block
  m_TagString: Untagged
  m_Icon: {fileID: 0}
  m_NavMeshLayer: 0
  m_StaticEditorFlags: 0
  m_IsActive: 1
--- !u!4 &5888554908688025781
Transform:
  m_ObjectHideFlags: 0
  m_CorrespondingSourceObject: {fileID: 0}
  m_PrefabInstance: {fileID: 0}
  m_PrefabAsset: {fileID: 0}
  m_GameObject: {fileID: 4002488155988270499}
  m_LocalRotation: {x: 0, y: 0, z: 0, w: 1}
  m_LocalPosition: {x: 1804.4, y: 0.6080384, z: 152.1}
  m_LocalScale: {x: 1, y: 1, z: 1}
  m_Children:
  - {fileID: 7076806982140894375}
  - {fileID: 6877872227455058643}
  - {fileID: 7678500825152191282}
  - {fileID: 2946662523382930343}
  - {fileID: 3538291050492836886}
  - {fileID: 7915945797126160112}
  - {fileID: 2049634172932054619}
  - {fileID: 3645048371025892051}
  - {fileID: 3981429313964054316}
  - {fileID: 903665496578108983}
  - {fileID: 5292961030115695774}
  - {fileID: 1369497545339156623}
  - {fileID: 6417319268513445576}
  - {fileID: 1137487427510207035}
  - {fileID: 1050302587426076363}
  - {fileID: 8451227194589429591}
  - {fileID: 3556012255698308292}
  - {fileID: 2583097828620107685}
  - {fileID: 3535067079580865802}
  - {fileID: 5837108903980945545}
  - {fileID: 4415811039977711196}
  - {fileID: 2988993183447680268}
  - {fileID: 9188349623858659043}
  - {fileID: 4491418790824943088}
  m_Father: {fileID: 0}
  m_RootOrder: 0
  m_LocalEulerAnglesHint: {x: 0, y: 0, z: 0}
--- !u!1 &9138936683987014274
GameObject:
  m_ObjectHideFlags: 0
  m_CorrespondingSourceObject: {fileID: 0}
  m_PrefabInstance: {fileID: 0}
  m_PrefabAsset: {fileID: 0}
  serializedVersion: 6
  m_Component:
  - component: {fileID: 7076806982140894375}
  m_Layer: 0
  m_Name: Snap Points
  m_TagString: Untagged
  m_Icon: {fileID: 0}
  m_NavMeshLayer: 0
  m_StaticEditorFlags: 0
  m_IsActive: 1
--- !u!4 &7076806982140894375
Transform:
  m_ObjectHideFlags: 0
  m_CorrespondingSourceObject: {fileID: 0}
  m_PrefabInstance: {fileID: 0}
  m_PrefabAsset: {fileID: 0}
  m_GameObject: {fileID: 9138936683987014274}
  m_LocalRotation: {x: -0, y: -0, z: -0, w: 1}
  m_LocalPosition: {x: 31.582, y: -34.219917, z: -12.725322}
  m_LocalScale: {x: 1, y: 1, z: 1}
  m_Children:
  - {fileID: 7935899592808152068}
  m_Father: {fileID: 5888554908688025781}
  m_RootOrder: 0
  m_LocalEulerAnglesHint: {x: 0, y: 0, z: 0}
--- !u!1001 &1366013074955038449
PrefabInstance:
  m_ObjectHideFlags: 0
  serializedVersion: 2
  m_Modification:
    m_TransformParent: {fileID: 5888554908688025781}
    m_Modifications:
    - target: {fileID: 6570126451626828289, guid: cbe57a3d781d80f459706a2d33457c95,
        type: 3}
      propertyPath: m_Name
      value: Desert_Road_Straight (46)
      objectReference: {fileID: 0}
    - target: {fileID: 7887666527142121490, guid: cbe57a3d781d80f459706a2d33457c95,
        type: 3}
      propertyPath: m_LocalPosition.x
      value: -9.679932
      objectReference: {fileID: 0}
    - target: {fileID: 7887666527142121490, guid: cbe57a3d781d80f459706a2d33457c95,
        type: 3}
      propertyPath: m_LocalPosition.y
      value: -0.71661
      objectReference: {fileID: 0}
    - target: {fileID: 7887666527142121490, guid: cbe57a3d781d80f459706a2d33457c95,
        type: 3}
      propertyPath: m_LocalPosition.z
      value: -163.17307
      objectReference: {fileID: 0}
    - target: {fileID: 7887666527142121490, guid: cbe57a3d781d80f459706a2d33457c95,
        type: 3}
      propertyPath: m_LocalRotation.x
      value: -0
      objectReference: {fileID: 0}
    - target: {fileID: 7887666527142121490, guid: cbe57a3d781d80f459706a2d33457c95,
        type: 3}
      propertyPath: m_LocalRotation.y
      value: -1
      objectReference: {fileID: 0}
    - target: {fileID: 7887666527142121490, guid: cbe57a3d781d80f459706a2d33457c95,
        type: 3}
      propertyPath: m_LocalRotation.z
      value: -0
      objectReference: {fileID: 0}
    - target: {fileID: 7887666527142121490, guid: cbe57a3d781d80f459706a2d33457c95,
        type: 3}
      propertyPath: m_LocalRotation.w
      value: -0.000004380941
      objectReference: {fileID: 0}
    - target: {fileID: 7887666527142121490, guid: cbe57a3d781d80f459706a2d33457c95,
        type: 3}
      propertyPath: m_RootOrder
      value: 22
      objectReference: {fileID: 0}
    - target: {fileID: 7887666527142121490, guid: cbe57a3d781d80f459706a2d33457c95,
        type: 3}
      propertyPath: m_LocalEulerAnglesHint.x
      value: 0
      objectReference: {fileID: 0}
    - target: {fileID: 7887666527142121490, guid: cbe57a3d781d80f459706a2d33457c95,
        type: 3}
      propertyPath: m_LocalEulerAnglesHint.y
      value: 269.999
      objectReference: {fileID: 0}
    - target: {fileID: 7887666527142121490, guid: cbe57a3d781d80f459706a2d33457c95,
        type: 3}
      propertyPath: m_LocalEulerAnglesHint.z
      value: 0
      objectReference: {fileID: 0}
    - target: {fileID: 7887666527142121490, guid: cbe57a3d781d80f459706a2d33457c95,
        type: 3}
      propertyPath: m_LocalScale.x
      value: 1
      objectReference: {fileID: 0}
    - target: {fileID: 7887666527142121490, guid: cbe57a3d781d80f459706a2d33457c95,
        type: 3}
      propertyPath: m_LocalScale.y
      value: 1
      objectReference: {fileID: 0}
    - target: {fileID: 7887666527142121490, guid: cbe57a3d781d80f459706a2d33457c95,
        type: 3}
      propertyPath: m_LocalScale.z
      value: 1
      objectReference: {fileID: 0}
    - target: {fileID: 9027339084408348880, guid: cbe57a3d781d80f459706a2d33457c95,
        type: 3}
      propertyPath: m_IsActive
      value: 0
      objectReference: {fileID: 0}
    m_RemovedComponents: []
  m_SourcePrefab: {fileID: 100100000, guid: cbe57a3d781d80f459706a2d33457c95, type: 3}
--- !u!4 &9188349623858659043 stripped
Transform:
  m_CorrespondingSourceObject: {fileID: 7887666527142121490, guid: cbe57a3d781d80f459706a2d33457c95,
    type: 3}
  m_PrefabInstance: {fileID: 1366013074955038449}
  m_PrefabAsset: {fileID: 0}
--- !u!1001 &1746926824930422597
PrefabInstance:
  m_ObjectHideFlags: 0
  serializedVersion: 2
  m_Modification:
    m_TransformParent: {fileID: 5888554908688025781}
    m_Modifications:
    - target: {fileID: 6570126451626828289, guid: cbe57a3d781d80f459706a2d33457c95,
        type: 3}
      propertyPath: m_Name
      value: Desert_Road_Straight (39)
      objectReference: {fileID: 0}
    - target: {fileID: 7887666527142121490, guid: cbe57a3d781d80f459706a2d33457c95,
        type: 3}
      propertyPath: m_LocalPosition.x
      value: 135.29004
      objectReference: {fileID: 0}
    - target: {fileID: 7887666527142121490, guid: cbe57a3d781d80f459706a2d33457c95,
        type: 3}
      propertyPath: m_LocalPosition.y
      value: -0.71661
      objectReference: {fileID: 0}
    - target: {fileID: 7887666527142121490, guid: cbe57a3d781d80f459706a2d33457c95,
        type: 3}
      propertyPath: m_LocalPosition.z
      value: -163.17207
      objectReference: {fileID: 0}
    - target: {fileID: 7887666527142121490, guid: cbe57a3d781d80f459706a2d33457c95,
        type: 3}
      propertyPath: m_LocalRotation.x
      value: -0
      objectReference: {fileID: 0}
    - target: {fileID: 7887666527142121490, guid: cbe57a3d781d80f459706a2d33457c95,
        type: 3}
      propertyPath: m_LocalRotation.y
      value: -1
      objectReference: {fileID: 0}
    - target: {fileID: 7887666527142121490, guid: cbe57a3d781d80f459706a2d33457c95,
        type: 3}
      propertyPath: m_LocalRotation.z
      value: -0
      objectReference: {fileID: 0}
    - target: {fileID: 7887666527142121490, guid: cbe57a3d781d80f459706a2d33457c95,
        type: 3}
      propertyPath: m_LocalRotation.w
      value: -0.000004380941
      objectReference: {fileID: 0}
    - target: {fileID: 7887666527142121490, guid: cbe57a3d781d80f459706a2d33457c95,
        type: 3}
      propertyPath: m_RootOrder
      value: 15
      objectReference: {fileID: 0}
    - target: {fileID: 7887666527142121490, guid: cbe57a3d781d80f459706a2d33457c95,
        type: 3}
      propertyPath: m_LocalEulerAnglesHint.x
      value: 0
      objectReference: {fileID: 0}
    - target: {fileID: 7887666527142121490, guid: cbe57a3d781d80f459706a2d33457c95,
        type: 3}
      propertyPath: m_LocalEulerAnglesHint.y
      value: 269.999
      objectReference: {fileID: 0}
    - target: {fileID: 7887666527142121490, guid: cbe57a3d781d80f459706a2d33457c95,
        type: 3}
      propertyPath: m_LocalEulerAnglesHint.z
      value: 0
      objectReference: {fileID: 0}
    - target: {fileID: 7887666527142121490, guid: cbe57a3d781d80f459706a2d33457c95,
        type: 3}
      propertyPath: m_LocalScale.x
      value: 1
      objectReference: {fileID: 0}
    - target: {fileID: 7887666527142121490, guid: cbe57a3d781d80f459706a2d33457c95,
        type: 3}
      propertyPath: m_LocalScale.y
      value: 1
      objectReference: {fileID: 0}
    - target: {fileID: 7887666527142121490, guid: cbe57a3d781d80f459706a2d33457c95,
        type: 3}
      propertyPath: m_LocalScale.z
      value: 1
      objectReference: {fileID: 0}
    - target: {fileID: 9027339084408348880, guid: cbe57a3d781d80f459706a2d33457c95,
        type: 3}
      propertyPath: m_IsActive
      value: 0
      objectReference: {fileID: 0}
    m_RemovedComponents: []
  m_SourcePrefab: {fileID: 100100000, guid: cbe57a3d781d80f459706a2d33457c95, type: 3}
--- !u!4 &8451227194589429591 stripped
Transform:
  m_CorrespondingSourceObject: {fileID: 7887666527142121490, guid: cbe57a3d781d80f459706a2d33457c95,
    type: 3}
  m_PrefabInstance: {fileID: 1746926824930422597}
  m_PrefabAsset: {fileID: 0}
--- !u!1001 &1876216087048251849
PrefabInstance:
  m_ObjectHideFlags: 0
  serializedVersion: 2
  m_Modification:
    m_TransformParent: {fileID: 5888554908688025781}
    m_Modifications:
    - target: {fileID: -927199367670048503, guid: 78456656c334b594aadac3bf5b0881e6,
        type: 3}
      propertyPath: m_Name
      value: City_ApartmentBuilding_01
      objectReference: {fileID: 0}
    - target: {fileID: -927199367670048503, guid: 78456656c334b594aadac3bf5b0881e6,
        type: 3}
      propertyPath: m_IsActive
      value: 1
      objectReference: {fileID: 0}
    - target: {fileID: -4216859302048453862, guid: 78456656c334b594aadac3bf5b0881e6,
        type: 3}
      propertyPath: m_LocalPosition.x
      value: 0
      objectReference: {fileID: 0}
    - target: {fileID: -4216859302048453862, guid: 78456656c334b594aadac3bf5b0881e6,
        type: 3}
      propertyPath: m_LocalPosition.y
      value: 51.260014
      objectReference: {fileID: 0}
    - target: {fileID: -4216859302048453862, guid: 78456656c334b594aadac3bf5b0881e6,
        type: 3}
      propertyPath: m_LocalPosition.z
      value: 0
      objectReference: {fileID: 0}
    - target: {fileID: -4216859302048453862, guid: 78456656c334b594aadac3bf5b0881e6,
        type: 3}
      propertyPath: m_LocalRotation.x
      value: 0
      objectReference: {fileID: 0}
    - target: {fileID: -4216859302048453862, guid: 78456656c334b594aadac3bf5b0881e6,
        type: 3}
      propertyPath: m_LocalRotation.y
      value: -0
      objectReference: {fileID: 0}
    - target: {fileID: -4216859302048453862, guid: 78456656c334b594aadac3bf5b0881e6,
        type: 3}
      propertyPath: m_LocalRotation.z
      value: -0
      objectReference: {fileID: 0}
    - target: {fileID: -4216859302048453862, guid: 78456656c334b594aadac3bf5b0881e6,
        type: 3}
      propertyPath: m_LocalRotation.w
      value: 1
      objectReference: {fileID: 0}
    - target: {fileID: -4216859302048453862, guid: 78456656c334b594aadac3bf5b0881e6,
        type: 3}
      propertyPath: m_RootOrder
      value: 1
      objectReference: {fileID: 0}
    - target: {fileID: -4216859302048453862, guid: 78456656c334b594aadac3bf5b0881e6,
        type: 3}
      propertyPath: m_LocalEulerAnglesHint.x
      value: 0
      objectReference: {fileID: 0}
    - target: {fileID: -4216859302048453862, guid: 78456656c334b594aadac3bf5b0881e6,
        type: 3}
      propertyPath: m_LocalEulerAnglesHint.y
      value: 0
      objectReference: {fileID: 0}
    - target: {fileID: -4216859302048453862, guid: 78456656c334b594aadac3bf5b0881e6,
        type: 3}
      propertyPath: m_LocalEulerAnglesHint.z
      value: 0
      objectReference: {fileID: 0}
    m_RemovedComponents: []
  m_SourcePrefab: {fileID: 100100000, guid: 78456656c334b594aadac3bf5b0881e6, type: 3}
--- !u!4 &6877872227455058643 stripped
Transform:
  m_CorrespondingSourceObject: {fileID: -4216859302048453862, guid: 78456656c334b594aadac3bf5b0881e6,
    type: 3}
  m_PrefabInstance: {fileID: 1876216087048251849}
  m_PrefabAsset: {fileID: 0}
--- !u!1001 &2594916612184444044
PrefabInstance:
  m_ObjectHideFlags: 0
  serializedVersion: 2
  m_Modification:
    m_TransformParent: {fileID: 5888554908688025781}
    m_Modifications:
    - target: {fileID: 6570126451626828289, guid: cbe57a3d781d80f459706a2d33457c95,
        type: 3}
      propertyPath: m_Name
      value: Desert_Road_Straight (16)
      objectReference: {fileID: 0}
    - target: {fileID: 7887666527142121490, guid: cbe57a3d781d80f459706a2d33457c95,
        type: 3}
      propertyPath: m_LocalPosition.x
      value: -63
      objectReference: {fileID: 0}
    - target: {fileID: 7887666527142121490, guid: cbe57a3d781d80f459706a2d33457c95,
        type: 3}
      propertyPath: m_LocalPosition.y
      value: -0.71661
      objectReference: {fileID: 0}
    - target: {fileID: 7887666527142121490, guid: cbe57a3d781d80f459706a2d33457c95,
        type: 3}
      propertyPath: m_LocalPosition.z
      value: -47.719925
      objectReference: {fileID: 0}
    - target: {fileID: 7887666527142121490, guid: cbe57a3d781d80f459706a2d33457c95,
        type: 3}
      propertyPath: m_LocalRotation.x
      value: -0
      objectReference: {fileID: 0}
    - target: {fileID: 7887666527142121490, guid: cbe57a3d781d80f459706a2d33457c95,
        type: 3}
      propertyPath: m_LocalRotation.y
      value: 0.7071068
      objectReference: {fileID: 0}
    - target: {fileID: 7887666527142121490, guid: cbe57a3d781d80f459706a2d33457c95,
        type: 3}
      propertyPath: m_LocalRotation.z
      value: -0
      objectReference: {fileID: 0}
    - target: {fileID: 7887666527142121490, guid: cbe57a3d781d80f459706a2d33457c95,
        type: 3}
      propertyPath: m_LocalRotation.w
      value: -0.7071068
      objectReference: {fileID: 0}
    - target: {fileID: 7887666527142121490, guid: cbe57a3d781d80f459706a2d33457c95,
        type: 3}
      propertyPath: m_RootOrder
      value: 10
      objectReference: {fileID: 0}
    - target: {fileID: 7887666527142121490, guid: cbe57a3d781d80f459706a2d33457c95,
        type: 3}
      propertyPath: m_LocalEulerAnglesHint.x
      value: 0
      objectReference: {fileID: 0}
    - target: {fileID: 7887666527142121490, guid: cbe57a3d781d80f459706a2d33457c95,
        type: 3}
      propertyPath: m_LocalEulerAnglesHint.y
      value: 0
      objectReference: {fileID: 0}
    - target: {fileID: 7887666527142121490, guid: cbe57a3d781d80f459706a2d33457c95,
        type: 3}
      propertyPath: m_LocalEulerAnglesHint.z
      value: 0
      objectReference: {fileID: 0}
    - target: {fileID: 7887666527142121490, guid: cbe57a3d781d80f459706a2d33457c95,
        type: 3}
      propertyPath: m_LocalScale.x
      value: 1
      objectReference: {fileID: 0}
    - target: {fileID: 7887666527142121490, guid: cbe57a3d781d80f459706a2d33457c95,
        type: 3}
      propertyPath: m_LocalScale.y
      value: 1
      objectReference: {fileID: 0}
    - target: {fileID: 7887666527142121490, guid: cbe57a3d781d80f459706a2d33457c95,
        type: 3}
      propertyPath: m_LocalScale.z
      value: 1
      objectReference: {fileID: 0}
    - target: {fileID: 9027339084408348880, guid: cbe57a3d781d80f459706a2d33457c95,
        type: 3}
      propertyPath: m_IsActive
      value: 0
      objectReference: {fileID: 0}
    m_RemovedComponents: []
  m_SourcePrefab: {fileID: 100100000, guid: cbe57a3d781d80f459706a2d33457c95, type: 3}
--- !u!4 &5292961030115695774 stripped
Transform:
  m_CorrespondingSourceObject: {fileID: 7887666527142121490, guid: cbe57a3d781d80f459706a2d33457c95,
    type: 3}
  m_PrefabInstance: {fileID: 2594916612184444044}
  m_PrefabAsset: {fileID: 0}
--- !u!1001 &3455728899305295912
PrefabInstance:
  m_ObjectHideFlags: 0
  serializedVersion: 2
  m_Modification:
    m_TransformParent: {fileID: 5888554908688025781}
    m_Modifications:
    - target: {fileID: -927199367670048503, guid: 78456656c334b594aadac3bf5b0881e6,
        type: 3}
      propertyPath: m_Name
      value: City_ApartmentBuilding_01 (1)
      objectReference: {fileID: 0}
    - target: {fileID: -927199367670048503, guid: 78456656c334b594aadac3bf5b0881e6,
        type: 3}
      propertyPath: m_IsActive
      value: 1
      objectReference: {fileID: 0}
    - target: {fileID: -4216859302048453862, guid: 78456656c334b594aadac3bf5b0881e6,
        type: 3}
      propertyPath: m_LocalPosition.x
      value: 0
      objectReference: {fileID: 0}
    - target: {fileID: -4216859302048453862, guid: 78456656c334b594aadac3bf5b0881e6,
        type: 3}
      propertyPath: m_LocalPosition.y
      value: 51.26
      objectReference: {fileID: 0}
    - target: {fileID: -4216859302048453862, guid: 78456656c334b594aadac3bf5b0881e6,
        type: 3}
      propertyPath: m_LocalPosition.z
      value: -100
      objectReference: {fileID: 0}
    - target: {fileID: -4216859302048453862, guid: 78456656c334b594aadac3bf5b0881e6,
        type: 3}
      propertyPath: m_LocalRotation.x
      value: 0
      objectReference: {fileID: 0}
    - target: {fileID: -4216859302048453862, guid: 78456656c334b594aadac3bf5b0881e6,
        type: 3}
      propertyPath: m_LocalRotation.y
      value: -0
      objectReference: {fileID: 0}
    - target: {fileID: -4216859302048453862, guid: 78456656c334b594aadac3bf5b0881e6,
        type: 3}
      propertyPath: m_LocalRotation.z
      value: -0
      objectReference: {fileID: 0}
    - target: {fileID: -4216859302048453862, guid: 78456656c334b594aadac3bf5b0881e6,
        type: 3}
      propertyPath: m_LocalRotation.w
      value: 1
      objectReference: {fileID: 0}
    - target: {fileID: -4216859302048453862, guid: 78456656c334b594aadac3bf5b0881e6,
        type: 3}
      propertyPath: m_RootOrder
      value: 2
      objectReference: {fileID: 0}
    - target: {fileID: -4216859302048453862, guid: 78456656c334b594aadac3bf5b0881e6,
        type: 3}
      propertyPath: m_LocalEulerAnglesHint.x
      value: 0
      objectReference: {fileID: 0}
    - target: {fileID: -4216859302048453862, guid: 78456656c334b594aadac3bf5b0881e6,
        type: 3}
      propertyPath: m_LocalEulerAnglesHint.y
      value: 0
      objectReference: {fileID: 0}
    - target: {fileID: -4216859302048453862, guid: 78456656c334b594aadac3bf5b0881e6,
        type: 3}
      propertyPath: m_LocalEulerAnglesHint.z
      value: 0
      objectReference: {fileID: 0}
    m_RemovedComponents: []
  m_SourcePrefab: {fileID: 100100000, guid: 78456656c334b594aadac3bf5b0881e6, type: 3}
--- !u!4 &7678500825152191282 stripped
Transform:
  m_CorrespondingSourceObject: {fileID: -4216859302048453862, guid: 78456656c334b594aadac3bf5b0881e6,
    type: 3}
  m_PrefabInstance: {fileID: 3455728899305295912}
  m_PrefabAsset: {fileID: 0}
--- !u!1001 &3780907357476284122
PrefabInstance:
  m_ObjectHideFlags: 0
  serializedVersion: 2
  m_Modification:
    m_TransformParent: {fileID: 5888554908688025781}
    m_Modifications:
    - target: {fileID: 6570126451626828289, guid: cbe57a3d781d80f459706a2d33457c95,
        type: 3}
      propertyPath: m_Name
      value: Desert_Road_Straight (18)
      objectReference: {fileID: 0}
    - target: {fileID: 7887666527142121490, guid: cbe57a3d781d80f459706a2d33457c95,
        type: 3}
      propertyPath: m_LocalPosition.x
      value: -63
      objectReference: {fileID: 0}
    - target: {fileID: 7887666527142121490, guid: cbe57a3d781d80f459706a2d33457c95,
        type: 3}
      propertyPath: m_LocalPosition.y
      value: -0.71661
      objectReference: {fileID: 0}
    - target: {fileID: 7887666527142121490, guid: cbe57a3d781d80f459706a2d33457c95,
        type: 3}
      propertyPath: m_LocalPosition.z
      value: -27.009964
      objectReference: {fileID: 0}
    - target: {fileID: 7887666527142121490, guid: cbe57a3d781d80f459706a2d33457c95,
        type: 3}
      propertyPath: m_LocalRotation.x
      value: -0
      objectReference: {fileID: 0}
    - target: {fileID: 7887666527142121490, guid: cbe57a3d781d80f459706a2d33457c95,
        type: 3}
      propertyPath: m_LocalRotation.y
      value: 0.7071068
      objectReference: {fileID: 0}
    - target: {fileID: 7887666527142121490, guid: cbe57a3d781d80f459706a2d33457c95,
        type: 3}
      propertyPath: m_LocalRotation.z
      value: -0
      objectReference: {fileID: 0}
    - target: {fileID: 7887666527142121490, guid: cbe57a3d781d80f459706a2d33457c95,
        type: 3}
      propertyPath: m_LocalRotation.w
      value: -0.7071068
      objectReference: {fileID: 0}
    - target: {fileID: 7887666527142121490, guid: cbe57a3d781d80f459706a2d33457c95,
        type: 3}
      propertyPath: m_RootOrder
      value: 12
      objectReference: {fileID: 0}
    - target: {fileID: 7887666527142121490, guid: cbe57a3d781d80f459706a2d33457c95,
        type: 3}
      propertyPath: m_LocalEulerAnglesHint.x
      value: 0
      objectReference: {fileID: 0}
    - target: {fileID: 7887666527142121490, guid: cbe57a3d781d80f459706a2d33457c95,
        type: 3}
      propertyPath: m_LocalEulerAnglesHint.y
      value: 0
      objectReference: {fileID: 0}
    - target: {fileID: 7887666527142121490, guid: cbe57a3d781d80f459706a2d33457c95,
        type: 3}
      propertyPath: m_LocalEulerAnglesHint.z
      value: 0
      objectReference: {fileID: 0}
    - target: {fileID: 7887666527142121490, guid: cbe57a3d781d80f459706a2d33457c95,
        type: 3}
      propertyPath: m_LocalScale.x
      value: 1
      objectReference: {fileID: 0}
    - target: {fileID: 7887666527142121490, guid: cbe57a3d781d80f459706a2d33457c95,
        type: 3}
      propertyPath: m_LocalScale.y
      value: 1
      objectReference: {fileID: 0}
    - target: {fileID: 7887666527142121490, guid: cbe57a3d781d80f459706a2d33457c95,
        type: 3}
      propertyPath: m_LocalScale.z
      value: 1
      objectReference: {fileID: 0}
    - target: {fileID: 9027339084408348880, guid: cbe57a3d781d80f459706a2d33457c95,
        type: 3}
      propertyPath: m_IsActive
      value: 0
      objectReference: {fileID: 0}
    m_RemovedComponents: []
  m_SourcePrefab: {fileID: 100100000, guid: cbe57a3d781d80f459706a2d33457c95, type: 3}
--- !u!4 &6417319268513445576 stripped
Transform:
  m_CorrespondingSourceObject: {fileID: 7887666527142121490, guid: cbe57a3d781d80f459706a2d33457c95,
    type: 3}
  m_PrefabInstance: {fileID: 3780907357476284122}
  m_PrefabAsset: {fileID: 0}
--- !u!1001 &4356965961740730523
PrefabInstance:
  m_ObjectHideFlags: 0
  serializedVersion: 2
  m_Modification:
    m_TransformParent: {fileID: 5888554908688025781}
    m_Modifications:
    - target: {fileID: 6570126451626828289, guid: cbe57a3d781d80f459706a2d33457c95,
        type: 3}
      propertyPath: m_Name
      value: Desert_Road_Straight (43)
      objectReference: {fileID: 0}
    - target: {fileID: 7887666527142121490, guid: cbe57a3d781d80f459706a2d33457c95,
        type: 3}
      propertyPath: m_LocalPosition.x
      value: 52.450073
      objectReference: {fileID: 0}
    - target: {fileID: 7887666527142121490, guid: cbe57a3d781d80f459706a2d33457c95,
        type: 3}
      propertyPath: m_LocalPosition.y
      value: -0.71661
      objectReference: {fileID: 0}
    - target: {fileID: 7887666527142121490, guid: cbe57a3d781d80f459706a2d33457c95,
        type: 3}
      propertyPath: m_LocalPosition.z
      value: -163.1727
      objectReference: {fileID: 0}
    - target: {fileID: 7887666527142121490, guid: cbe57a3d781d80f459706a2d33457c95,
        type: 3}
      propertyPath: m_LocalRotation.x
      value: -0
      objectReference: {fileID: 0}
    - target: {fileID: 7887666527142121490, guid: cbe57a3d781d80f459706a2d33457c95,
        type: 3}
      propertyPath: m_LocalRotation.y
      value: -1
      objectReference: {fileID: 0}
    - target: {fileID: 7887666527142121490, guid: cbe57a3d781d80f459706a2d33457c95,
        type: 3}
      propertyPath: m_LocalRotation.z
      value: -0
      objectReference: {fileID: 0}
    - target: {fileID: 7887666527142121490, guid: cbe57a3d781d80f459706a2d33457c95,
        type: 3}
      propertyPath: m_LocalRotation.w
      value: -0.000004380941
      objectReference: {fileID: 0}
    - target: {fileID: 7887666527142121490, guid: cbe57a3d781d80f459706a2d33457c95,
        type: 3}
      propertyPath: m_RootOrder
      value: 19
      objectReference: {fileID: 0}
    - target: {fileID: 7887666527142121490, guid: cbe57a3d781d80f459706a2d33457c95,
        type: 3}
      propertyPath: m_LocalEulerAnglesHint.x
      value: 0
      objectReference: {fileID: 0}
    - target: {fileID: 7887666527142121490, guid: cbe57a3d781d80f459706a2d33457c95,
        type: 3}
      propertyPath: m_LocalEulerAnglesHint.y
      value: 269.999
      objectReference: {fileID: 0}
    - target: {fileID: 7887666527142121490, guid: cbe57a3d781d80f459706a2d33457c95,
        type: 3}
      propertyPath: m_LocalEulerAnglesHint.z
      value: 0
      objectReference: {fileID: 0}
    - target: {fileID: 7887666527142121490, guid: cbe57a3d781d80f459706a2d33457c95,
        type: 3}
      propertyPath: m_LocalScale.x
      value: 1
      objectReference: {fileID: 0}
    - target: {fileID: 7887666527142121490, guid: cbe57a3d781d80f459706a2d33457c95,
        type: 3}
      propertyPath: m_LocalScale.y
      value: 1
      objectReference: {fileID: 0}
    - target: {fileID: 7887666527142121490, guid: cbe57a3d781d80f459706a2d33457c95,
        type: 3}
      propertyPath: m_LocalScale.z
      value: 1
      objectReference: {fileID: 0}
    - target: {fileID: 9027339084408348880, guid: cbe57a3d781d80f459706a2d33457c95,
        type: 3}
      propertyPath: m_IsActive
      value: 0
      objectReference: {fileID: 0}
    m_RemovedComponents: []
  m_SourcePrefab: {fileID: 100100000, guid: cbe57a3d781d80f459706a2d33457c95, type: 3}
--- !u!4 &5837108903980945545 stripped
Transform:
  m_CorrespondingSourceObject: {fileID: 7887666527142121490, guid: cbe57a3d781d80f459706a2d33457c95,
    type: 3}
  m_PrefabInstance: {fileID: 4356965961740730523}
  m_PrefabAsset: {fileID: 0}
--- !u!1001 &4903742268608681246
PrefabInstance:
  m_ObjectHideFlags: 0
  serializedVersion: 2
  m_Modification:
    m_TransformParent: {fileID: 5888554908688025781}
    m_Modifications:
    - target: {fileID: 6570126451626828289, guid: cbe57a3d781d80f459706a2d33457c95,
        type: 3}
      propertyPath: m_Name
      value: Desert_Road_Straight (45)
      objectReference: {fileID: 0}
    - target: {fileID: 7887666527142121490, guid: cbe57a3d781d80f459706a2d33457c95,
        type: 3}
      propertyPath: m_LocalPosition.x
      value: 31.73999
      objectReference: {fileID: 0}
    - target: {fileID: 7887666527142121490, guid: cbe57a3d781d80f459706a2d33457c95,
        type: 3}
      propertyPath: m_LocalPosition.y
      value: -0.71661
      objectReference: {fileID: 0}
    - target: {fileID: 7887666527142121490, guid: cbe57a3d781d80f459706a2d33457c95,
        type: 3}
      propertyPath: m_LocalPosition.z
      value: -163.17282
      objectReference: {fileID: 0}
    - target: {fileID: 7887666527142121490, guid: cbe57a3d781d80f459706a2d33457c95,
        type: 3}
      propertyPath: m_LocalRotation.x
      value: -0
      objectReference: {fileID: 0}
    - target: {fileID: 7887666527142121490, guid: cbe57a3d781d80f459706a2d33457c95,
        type: 3}
      propertyPath: m_LocalRotation.y
      value: -1
      objectReference: {fileID: 0}
    - target: {fileID: 7887666527142121490, guid: cbe57a3d781d80f459706a2d33457c95,
        type: 3}
      propertyPath: m_LocalRotation.z
      value: -0
      objectReference: {fileID: 0}
    - target: {fileID: 7887666527142121490, guid: cbe57a3d781d80f459706a2d33457c95,
        type: 3}
      propertyPath: m_LocalRotation.w
      value: -0.000004380941
      objectReference: {fileID: 0}
    - target: {fileID: 7887666527142121490, guid: cbe57a3d781d80f459706a2d33457c95,
        type: 3}
      propertyPath: m_RootOrder
      value: 21
      objectReference: {fileID: 0}
    - target: {fileID: 7887666527142121490, guid: cbe57a3d781d80f459706a2d33457c95,
        type: 3}
      propertyPath: m_LocalEulerAnglesHint.x
      value: 0
      objectReference: {fileID: 0}
    - target: {fileID: 7887666527142121490, guid: cbe57a3d781d80f459706a2d33457c95,
        type: 3}
      propertyPath: m_LocalEulerAnglesHint.y
      value: 269.999
      objectReference: {fileID: 0}
    - target: {fileID: 7887666527142121490, guid: cbe57a3d781d80f459706a2d33457c95,
        type: 3}
      propertyPath: m_LocalEulerAnglesHint.z
      value: 0
      objectReference: {fileID: 0}
    - target: {fileID: 7887666527142121490, guid: cbe57a3d781d80f459706a2d33457c95,
        type: 3}
      propertyPath: m_LocalScale.x
      value: 1
      objectReference: {fileID: 0}
    - target: {fileID: 7887666527142121490, guid: cbe57a3d781d80f459706a2d33457c95,
        type: 3}
      propertyPath: m_LocalScale.y
      value: 1
      objectReference: {fileID: 0}
    - target: {fileID: 7887666527142121490, guid: cbe57a3d781d80f459706a2d33457c95,
        type: 3}
      propertyPath: m_LocalScale.z
      value: 1
      objectReference: {fileID: 0}
    - target: {fileID: 9027339084408348880, guid: cbe57a3d781d80f459706a2d33457c95,
        type: 3}
      propertyPath: m_IsActive
      value: 0
      objectReference: {fileID: 0}
    m_RemovedComponents: []
  m_SourcePrefab: {fileID: 100100000, guid: cbe57a3d781d80f459706a2d33457c95, type: 3}
--- !u!4 &2988993183447680268 stripped
Transform:
  m_CorrespondingSourceObject: {fileID: 7887666527142121490, guid: cbe57a3d781d80f459706a2d33457c95,
    type: 3}
  m_PrefabInstance: {fileID: 4903742268608681246}
  m_PrefabAsset: {fileID: 0}
--- !u!1001 &5669925417816977335
PrefabInstance:
  m_ObjectHideFlags: 0
  serializedVersion: 2
  m_Modification:
    m_TransformParent: {fileID: 5888554908688025781}
    m_Modifications:
    - target: {fileID: 6570126451626828289, guid: cbe57a3d781d80f459706a2d33457c95,
        type: 3}
      propertyPath: m_Name
      value: Desert_Road_Straight (41)
      objectReference: {fileID: 0}
    - target: {fileID: 7887666527142121490, guid: cbe57a3d781d80f459706a2d33457c95,
        type: 3}
      propertyPath: m_LocalPosition.x
      value: 93.87012
      objectReference: {fileID: 0}
    - target: {fileID: 7887666527142121490, guid: cbe57a3d781d80f459706a2d33457c95,
        type: 3}
      propertyPath: m_LocalPosition.y
      value: -0.71661
      objectReference: {fileID: 0}
    - target: {fileID: 7887666527142121490, guid: cbe57a3d781d80f459706a2d33457c95,
        type: 3}
      propertyPath: m_LocalPosition.z
      value: -163.17245
      objectReference: {fileID: 0}
    - target: {fileID: 7887666527142121490, guid: cbe57a3d781d80f459706a2d33457c95,
        type: 3}
      propertyPath: m_LocalRotation.x
      value: -0
      objectReference: {fileID: 0}
    - target: {fileID: 7887666527142121490, guid: cbe57a3d781d80f459706a2d33457c95,
        type: 3}
      propertyPath: m_LocalRotation.y
      value: -1
      objectReference: {fileID: 0}
    - target: {fileID: 7887666527142121490, guid: cbe57a3d781d80f459706a2d33457c95,
        type: 3}
      propertyPath: m_LocalRotation.z
      value: -0
      objectReference: {fileID: 0}
    - target: {fileID: 7887666527142121490, guid: cbe57a3d781d80f459706a2d33457c95,
        type: 3}
      propertyPath: m_LocalRotation.w
      value: -0.000004380941
      objectReference: {fileID: 0}
    - target: {fileID: 7887666527142121490, guid: cbe57a3d781d80f459706a2d33457c95,
        type: 3}
      propertyPath: m_RootOrder
      value: 17
      objectReference: {fileID: 0}
    - target: {fileID: 7887666527142121490, guid: cbe57a3d781d80f459706a2d33457c95,
        type: 3}
      propertyPath: m_LocalEulerAnglesHint.x
      value: 0
      objectReference: {fileID: 0}
    - target: {fileID: 7887666527142121490, guid: cbe57a3d781d80f459706a2d33457c95,
        type: 3}
      propertyPath: m_LocalEulerAnglesHint.y
      value: 269.999
      objectReference: {fileID: 0}
    - target: {fileID: 7887666527142121490, guid: cbe57a3d781d80f459706a2d33457c95,
        type: 3}
      propertyPath: m_LocalEulerAnglesHint.z
      value: 0
      objectReference: {fileID: 0}
    - target: {fileID: 7887666527142121490, guid: cbe57a3d781d80f459706a2d33457c95,
        type: 3}
      propertyPath: m_LocalScale.x
      value: 1
      objectReference: {fileID: 0}
    - target: {fileID: 7887666527142121490, guid: cbe57a3d781d80f459706a2d33457c95,
        type: 3}
      propertyPath: m_LocalScale.y
      value: 1
      objectReference: {fileID: 0}
    - target: {fileID: 7887666527142121490, guid: cbe57a3d781d80f459706a2d33457c95,
        type: 3}
      propertyPath: m_LocalScale.z
      value: 1
      objectReference: {fileID: 0}
    - target: {fileID: 9027339084408348880, guid: cbe57a3d781d80f459706a2d33457c95,
        type: 3}
      propertyPath: m_IsActive
      value: 0
      objectReference: {fileID: 0}
    m_RemovedComponents: []
  m_SourcePrefab: {fileID: 100100000, guid: cbe57a3d781d80f459706a2d33457c95, type: 3}
--- !u!4 &2583097828620107685 stripped
Transform:
  m_CorrespondingSourceObject: {fileID: 7887666527142121490, guid: cbe57a3d781d80f459706a2d33457c95,
    type: 3}
  m_PrefabInstance: {fileID: 5669925417816977335}
  m_PrefabAsset: {fileID: 0}
--- !u!1001 &5782202272101774926
PrefabInstance:
  m_ObjectHideFlags: 0
  serializedVersion: 2
  m_Modification:
    m_TransformParent: {fileID: 5888554908688025781}
    m_Modifications:
    - target: {fileID: 6570126451626828289, guid: cbe57a3d781d80f459706a2d33457c95,
        type: 3}
      propertyPath: m_Name
      value: Desert_Road_Straight (44)
      objectReference: {fileID: 0}
    - target: {fileID: 7887666527142121490, guid: cbe57a3d781d80f459706a2d33457c95,
        type: 3}
      propertyPath: m_LocalPosition.x
      value: 11.030029
      objectReference: {fileID: 0}
    - target: {fileID: 7887666527142121490, guid: cbe57a3d781d80f459706a2d33457c95,
        type: 3}
      propertyPath: m_LocalPosition.y
      value: -0.71661
      objectReference: {fileID: 0}
    - target: {fileID: 7887666527142121490, guid: cbe57a3d781d80f459706a2d33457c95,
        type: 3}
      propertyPath: m_LocalPosition.z
      value: -163.17294
      objectReference: {fileID: 0}
    - target: {fileID: 7887666527142121490, guid: cbe57a3d781d80f459706a2d33457c95,
        type: 3}
      propertyPath: m_LocalRotation.x
      value: -0
      objectReference: {fileID: 0}
    - target: {fileID: 7887666527142121490, guid: cbe57a3d781d80f459706a2d33457c95,
        type: 3}
      propertyPath: m_LocalRotation.y
      value: -1
      objectReference: {fileID: 0}
    - target: {fileID: 7887666527142121490, guid: cbe57a3d781d80f459706a2d33457c95,
        type: 3}
      propertyPath: m_LocalRotation.z
      value: -0
      objectReference: {fileID: 0}
    - target: {fileID: 7887666527142121490, guid: cbe57a3d781d80f459706a2d33457c95,
        type: 3}
      propertyPath: m_LocalRotation.w
      value: -0.000004380941
      objectReference: {fileID: 0}
    - target: {fileID: 7887666527142121490, guid: cbe57a3d781d80f459706a2d33457c95,
        type: 3}
      propertyPath: m_RootOrder
      value: 20
      objectReference: {fileID: 0}
    - target: {fileID: 7887666527142121490, guid: cbe57a3d781d80f459706a2d33457c95,
        type: 3}
      propertyPath: m_LocalEulerAnglesHint.x
      value: 0
      objectReference: {fileID: 0}
    - target: {fileID: 7887666527142121490, guid: cbe57a3d781d80f459706a2d33457c95,
        type: 3}
      propertyPath: m_LocalEulerAnglesHint.y
      value: 269.999
      objectReference: {fileID: 0}
    - target: {fileID: 7887666527142121490, guid: cbe57a3d781d80f459706a2d33457c95,
        type: 3}
      propertyPath: m_LocalEulerAnglesHint.z
      value: 0
      objectReference: {fileID: 0}
    - target: {fileID: 7887666527142121490, guid: cbe57a3d781d80f459706a2d33457c95,
        type: 3}
      propertyPath: m_LocalScale.x
      value: 1
      objectReference: {fileID: 0}
    - target: {fileID: 7887666527142121490, guid: cbe57a3d781d80f459706a2d33457c95,
        type: 3}
      propertyPath: m_LocalScale.y
      value: 1
      objectReference: {fileID: 0}
    - target: {fileID: 7887666527142121490, guid: cbe57a3d781d80f459706a2d33457c95,
        type: 3}
      propertyPath: m_LocalScale.z
      value: 1
      objectReference: {fileID: 0}
    - target: {fileID: 9027339084408348880, guid: cbe57a3d781d80f459706a2d33457c95,
        type: 3}
      propertyPath: m_IsActive
      value: 0
      objectReference: {fileID: 0}
    m_RemovedComponents: []
  m_SourcePrefab: {fileID: 100100000, guid: cbe57a3d781d80f459706a2d33457c95, type: 3}
--- !u!4 &4415811039977711196 stripped
Transform:
  m_CorrespondingSourceObject: {fileID: 7887666527142121490, guid: cbe57a3d781d80f459706a2d33457c95,
    type: 3}
  m_PrefabInstance: {fileID: 5782202272101774926}
  m_PrefabAsset: {fileID: 0}
--- !u!1001 &5990393874557242850
PrefabInstance:
  m_ObjectHideFlags: 0
  serializedVersion: 2
  m_Modification:
    m_TransformParent: {fileID: 5888554908688025781}
    m_Modifications:
    - target: {fileID: 6570126451626828289, guid: cbe57a3d781d80f459706a2d33457c95,
        type: 3}
      propertyPath: m_Name
      value: Desert_Road_Straight (47)
      objectReference: {fileID: 0}
    - target: {fileID: 7887666527142121490, guid: cbe57a3d781d80f459706a2d33457c95,
        type: 3}
      propertyPath: m_LocalPosition.x
      value: -30.38794
      objectReference: {fileID: 0}
    - target: {fileID: 7887666527142121490, guid: cbe57a3d781d80f459706a2d33457c95,
        type: 3}
      propertyPath: m_LocalPosition.y
      value: -0.71661
      objectReference: {fileID: 0}
    - target: {fileID: 7887666527142121490, guid: cbe57a3d781d80f459706a2d33457c95,
        type: 3}
      propertyPath: m_LocalPosition.z
      value: -163.17331
      objectReference: {fileID: 0}
    - target: {fileID: 7887666527142121490, guid: cbe57a3d781d80f459706a2d33457c95,
        type: 3}
      propertyPath: m_LocalRotation.x
      value: -0
      objectReference: {fileID: 0}
    - target: {fileID: 7887666527142121490, guid: cbe57a3d781d80f459706a2d33457c95,
        type: 3}
      propertyPath: m_LocalRotation.y
      value: -1
      objectReference: {fileID: 0}
    - target: {fileID: 7887666527142121490, guid: cbe57a3d781d80f459706a2d33457c95,
        type: 3}
      propertyPath: m_LocalRotation.z
      value: -0
      objectReference: {fileID: 0}
    - target: {fileID: 7887666527142121490, guid: cbe57a3d781d80f459706a2d33457c95,
        type: 3}
      propertyPath: m_LocalRotation.w
      value: -0.000004380941
      objectReference: {fileID: 0}
    - target: {fileID: 7887666527142121490, guid: cbe57a3d781d80f459706a2d33457c95,
        type: 3}
      propertyPath: m_RootOrder
      value: 23
      objectReference: {fileID: 0}
    - target: {fileID: 7887666527142121490, guid: cbe57a3d781d80f459706a2d33457c95,
        type: 3}
      propertyPath: m_LocalEulerAnglesHint.x
      value: 0
      objectReference: {fileID: 0}
    - target: {fileID: 7887666527142121490, guid: cbe57a3d781d80f459706a2d33457c95,
        type: 3}
      propertyPath: m_LocalEulerAnglesHint.y
      value: 269.999
      objectReference: {fileID: 0}
    - target: {fileID: 7887666527142121490, guid: cbe57a3d781d80f459706a2d33457c95,
        type: 3}
      propertyPath: m_LocalEulerAnglesHint.z
      value: 0
      objectReference: {fileID: 0}
    - target: {fileID: 7887666527142121490, guid: cbe57a3d781d80f459706a2d33457c95,
        type: 3}
      propertyPath: m_LocalScale.x
      value: 1
      objectReference: {fileID: 0}
    - target: {fileID: 7887666527142121490, guid: cbe57a3d781d80f459706a2d33457c95,
        type: 3}
      propertyPath: m_LocalScale.y
      value: 1
      objectReference: {fileID: 0}
    - target: {fileID: 7887666527142121490, guid: cbe57a3d781d80f459706a2d33457c95,
        type: 3}
      propertyPath: m_LocalScale.z
      value: 1
      objectReference: {fileID: 0}
    - target: {fileID: 9027339084408348880, guid: cbe57a3d781d80f459706a2d33457c95,
        type: 3}
      propertyPath: m_IsActive
      value: 0
      objectReference: {fileID: 0}
    m_RemovedComponents: []
  m_SourcePrefab: {fileID: 100100000, guid: cbe57a3d781d80f459706a2d33457c95, type: 3}
--- !u!4 &4491418790824943088 stripped
Transform:
  m_CorrespondingSourceObject: {fileID: 7887666527142121490, guid: cbe57a3d781d80f459706a2d33457c95,
    type: 3}
  m_PrefabInstance: {fileID: 5990393874557242850}
  m_PrefabAsset: {fileID: 0}
--- !u!1001 &6500521889598539582
PrefabInstance:
  m_ObjectHideFlags: 0
  serializedVersion: 2
  m_Modification:
    m_TransformParent: {fileID: 5888554908688025781}
    m_Modifications:
    - target: {fileID: 6570126451626828289, guid: cbe57a3d781d80f459706a2d33457c95,
        type: 3}
      propertyPath: m_Name
      value: Desert_Road_Straight (14)
      objectReference: {fileID: 0}
    - target: {fileID: 7887666527142121490, guid: cbe57a3d781d80f459706a2d33457c95,
        type: 3}
      propertyPath: m_LocalPosition.x
      value: -63
      objectReference: {fileID: 0}
    - target: {fileID: 7887666527142121490, guid: cbe57a3d781d80f459706a2d33457c95,
        type: 3}
      propertyPath: m_LocalPosition.y
      value: -0.71661
      objectReference: {fileID: 0}
    - target: {fileID: 7887666527142121490, guid: cbe57a3d781d80f459706a2d33457c95,
        type: 3}
      propertyPath: m_LocalPosition.z
      value: -109.849945
      objectReference: {fileID: 0}
    - target: {fileID: 7887666527142121490, guid: cbe57a3d781d80f459706a2d33457c95,
        type: 3}
      propertyPath: m_LocalRotation.x
      value: -0
      objectReference: {fileID: 0}
    - target: {fileID: 7887666527142121490, guid: cbe57a3d781d80f459706a2d33457c95,
        type: 3}
      propertyPath: m_LocalRotation.y
      value: 0.7071068
      objectReference: {fileID: 0}
    - target: {fileID: 7887666527142121490, guid: cbe57a3d781d80f459706a2d33457c95,
        type: 3}
      propertyPath: m_LocalRotation.z
      value: -0
      objectReference: {fileID: 0}
    - target: {fileID: 7887666527142121490, guid: cbe57a3d781d80f459706a2d33457c95,
        type: 3}
      propertyPath: m_LocalRotation.w
      value: -0.7071068
      objectReference: {fileID: 0}
    - target: {fileID: 7887666527142121490, guid: cbe57a3d781d80f459706a2d33457c95,
        type: 3}
      propertyPath: m_RootOrder
      value: 8
      objectReference: {fileID: 0}
    - target: {fileID: 7887666527142121490, guid: cbe57a3d781d80f459706a2d33457c95,
        type: 3}
      propertyPath: m_LocalEulerAnglesHint.x
      value: 0
      objectReference: {fileID: 0}
    - target: {fileID: 7887666527142121490, guid: cbe57a3d781d80f459706a2d33457c95,
        type: 3}
      propertyPath: m_LocalEulerAnglesHint.y
      value: 0
      objectReference: {fileID: 0}
    - target: {fileID: 7887666527142121490, guid: cbe57a3d781d80f459706a2d33457c95,
        type: 3}
      propertyPath: m_LocalEulerAnglesHint.z
      value: 0
      objectReference: {fileID: 0}
    - target: {fileID: 7887666527142121490, guid: cbe57a3d781d80f459706a2d33457c95,
        type: 3}
      propertyPath: m_LocalScale.x
      value: 1
      objectReference: {fileID: 0}
    - target: {fileID: 7887666527142121490, guid: cbe57a3d781d80f459706a2d33457c95,
        type: 3}
      propertyPath: m_LocalScale.y
      value: 1
      objectReference: {fileID: 0}
    - target: {fileID: 7887666527142121490, guid: cbe57a3d781d80f459706a2d33457c95,
        type: 3}
      propertyPath: m_LocalScale.z
      value: 1
      objectReference: {fileID: 0}
    - target: {fileID: 9027339084408348880, guid: cbe57a3d781d80f459706a2d33457c95,
        type: 3}
      propertyPath: m_IsActive
      value: 0
      objectReference: {fileID: 0}
    m_RemovedComponents: []
  m_SourcePrefab: {fileID: 100100000, guid: cbe57a3d781d80f459706a2d33457c95, type: 3}
--- !u!4 &3981429313964054316 stripped
Transform:
  m_CorrespondingSourceObject: {fileID: 7887666527142121490, guid: cbe57a3d781d80f459706a2d33457c95,
    type: 3}
  m_PrefabInstance: {fileID: 6500521889598539582}
  m_PrefabAsset: {fileID: 0}
--- !u!1001 &6642774970992614614
PrefabInstance:
  m_ObjectHideFlags: 0
  serializedVersion: 2
  m_Modification:
    m_TransformParent: {fileID: 5888554908688025781}
    m_Modifications:
    - target: {fileID: 6570126451626828289, guid: cbe57a3d781d80f459706a2d33457c95,
        type: 3}
      propertyPath: m_Name
      value: Desert_Road_Straight (40)
      objectReference: {fileID: 0}
    - target: {fileID: 7887666527142121490, guid: cbe57a3d781d80f459706a2d33457c95,
        type: 3}
      propertyPath: m_LocalPosition.x
      value: 114.58008
      objectReference: {fileID: 0}
    - target: {fileID: 7887666527142121490, guid: cbe57a3d781d80f459706a2d33457c95,
        type: 3}
      propertyPath: m_LocalPosition.y
      value: -0.71661
      objectReference: {fileID: 0}
    - target: {fileID: 7887666527142121490, guid: cbe57a3d781d80f459706a2d33457c95,
        type: 3}
      propertyPath: m_LocalPosition.z
      value: -163.17233
      objectReference: {fileID: 0}
    - target: {fileID: 7887666527142121490, guid: cbe57a3d781d80f459706a2d33457c95,
        type: 3}
      propertyPath: m_LocalRotation.x
      value: -0
      objectReference: {fileID: 0}
    - target: {fileID: 7887666527142121490, guid: cbe57a3d781d80f459706a2d33457c95,
        type: 3}
      propertyPath: m_LocalRotation.y
      value: -1
      objectReference: {fileID: 0}
    - target: {fileID: 7887666527142121490, guid: cbe57a3d781d80f459706a2d33457c95,
        type: 3}
      propertyPath: m_LocalRotation.z
      value: -0
      objectReference: {fileID: 0}
    - target: {fileID: 7887666527142121490, guid: cbe57a3d781d80f459706a2d33457c95,
        type: 3}
      propertyPath: m_LocalRotation.w
      value: -0.000004380941
      objectReference: {fileID: 0}
    - target: {fileID: 7887666527142121490, guid: cbe57a3d781d80f459706a2d33457c95,
        type: 3}
      propertyPath: m_RootOrder
      value: 16
      objectReference: {fileID: 0}
    - target: {fileID: 7887666527142121490, guid: cbe57a3d781d80f459706a2d33457c95,
        type: 3}
      propertyPath: m_LocalEulerAnglesHint.x
      value: 0
      objectReference: {fileID: 0}
    - target: {fileID: 7887666527142121490, guid: cbe57a3d781d80f459706a2d33457c95,
        type: 3}
      propertyPath: m_LocalEulerAnglesHint.y
      value: 269.999
      objectReference: {fileID: 0}
    - target: {fileID: 7887666527142121490, guid: cbe57a3d781d80f459706a2d33457c95,
        type: 3}
      propertyPath: m_LocalEulerAnglesHint.z
      value: 0
      objectReference: {fileID: 0}
    - target: {fileID: 7887666527142121490, guid: cbe57a3d781d80f459706a2d33457c95,
        type: 3}
      propertyPath: m_LocalScale.x
      value: 1
      objectReference: {fileID: 0}
    - target: {fileID: 7887666527142121490, guid: cbe57a3d781d80f459706a2d33457c95,
        type: 3}
      propertyPath: m_LocalScale.y
      value: 1
      objectReference: {fileID: 0}
    - target: {fileID: 7887666527142121490, guid: cbe57a3d781d80f459706a2d33457c95,
        type: 3}
      propertyPath: m_LocalScale.z
      value: 1
      objectReference: {fileID: 0}
    - target: {fileID: 9027339084408348880, guid: cbe57a3d781d80f459706a2d33457c95,
        type: 3}
      propertyPath: m_IsActive
      value: 0
      objectReference: {fileID: 0}
    m_RemovedComponents: []
  m_SourcePrefab: {fileID: 100100000, guid: cbe57a3d781d80f459706a2d33457c95, type: 3}
--- !u!4 &3556012255698308292 stripped
Transform:
  m_CorrespondingSourceObject: {fileID: 7887666527142121490, guid: cbe57a3d781d80f459706a2d33457c95,
    type: 3}
  m_PrefabInstance: {fileID: 6642774970992614614}
  m_PrefabAsset: {fileID: 0}
--- !u!1001 &6663509049794086168
PrefabInstance:
  m_ObjectHideFlags: 0
  serializedVersion: 2
  m_Modification:
    m_TransformParent: {fileID: 5888554908688025781}
    m_Modifications:
    - target: {fileID: 6570126451626828289, guid: cbe57a3d781d80f459706a2d33457c95,
        type: 3}
      propertyPath: m_Name
      value: Desert_Road_Straight (42)
      objectReference: {fileID: 0}
    - target: {fileID: 7887666527142121490, guid: cbe57a3d781d80f459706a2d33457c95,
        type: 3}
      propertyPath: m_LocalPosition.x
      value: 73.160034
      objectReference: {fileID: 0}
    - target: {fileID: 7887666527142121490, guid: cbe57a3d781d80f459706a2d33457c95,
        type: 3}
      propertyPath: m_LocalPosition.y
      value: -0.71661
      objectReference: {fileID: 0}
    - target: {fileID: 7887666527142121490, guid: cbe57a3d781d80f459706a2d33457c95,
        type: 3}
      propertyPath: m_LocalPosition.z
      value: -163.17258
      objectReference: {fileID: 0}
    - target: {fileID: 7887666527142121490, guid: cbe57a3d781d80f459706a2d33457c95,
        type: 3}
      propertyPath: m_LocalRotation.x
      value: -0
      objectReference: {fileID: 0}
    - target: {fileID: 7887666527142121490, guid: cbe57a3d781d80f459706a2d33457c95,
        type: 3}
      propertyPath: m_LocalRotation.y
      value: -1
      objectReference: {fileID: 0}
    - target: {fileID: 7887666527142121490, guid: cbe57a3d781d80f459706a2d33457c95,
        type: 3}
      propertyPath: m_LocalRotation.z
      value: -0
      objectReference: {fileID: 0}
    - target: {fileID: 7887666527142121490, guid: cbe57a3d781d80f459706a2d33457c95,
        type: 3}
      propertyPath: m_LocalRotation.w
      value: -0.000004380941
      objectReference: {fileID: 0}
    - target: {fileID: 7887666527142121490, guid: cbe57a3d781d80f459706a2d33457c95,
        type: 3}
      propertyPath: m_RootOrder
      value: 18
      objectReference: {fileID: 0}
    - target: {fileID: 7887666527142121490, guid: cbe57a3d781d80f459706a2d33457c95,
        type: 3}
      propertyPath: m_LocalEulerAnglesHint.x
      value: 0
      objectReference: {fileID: 0}
    - target: {fileID: 7887666527142121490, guid: cbe57a3d781d80f459706a2d33457c95,
        type: 3}
      propertyPath: m_LocalEulerAnglesHint.y
      value: 269.999
      objectReference: {fileID: 0}
    - target: {fileID: 7887666527142121490, guid: cbe57a3d781d80f459706a2d33457c95,
        type: 3}
      propertyPath: m_LocalEulerAnglesHint.z
      value: 0
      objectReference: {fileID: 0}
    - target: {fileID: 7887666527142121490, guid: cbe57a3d781d80f459706a2d33457c95,
        type: 3}
      propertyPath: m_LocalScale.x
      value: 1
      objectReference: {fileID: 0}
    - target: {fileID: 7887666527142121490, guid: cbe57a3d781d80f459706a2d33457c95,
        type: 3}
      propertyPath: m_LocalScale.y
      value: 1
      objectReference: {fileID: 0}
    - target: {fileID: 7887666527142121490, guid: cbe57a3d781d80f459706a2d33457c95,
        type: 3}
      propertyPath: m_LocalScale.z
      value: 1
      objectReference: {fileID: 0}
    - target: {fileID: 9027339084408348880, guid: cbe57a3d781d80f459706a2d33457c95,
        type: 3}
      propertyPath: m_IsActive
      value: 0
      objectReference: {fileID: 0}
    m_RemovedComponents: []
  m_SourcePrefab: {fileID: 100100000, guid: cbe57a3d781d80f459706a2d33457c95, type: 3}
--- !u!4 &3535067079580865802 stripped
Transform:
  m_CorrespondingSourceObject: {fileID: 7887666527142121490, guid: cbe57a3d781d80f459706a2d33457c95,
    type: 3}
  m_PrefabInstance: {fileID: 6663509049794086168}
  m_PrefabAsset: {fileID: 0}
--- !u!1001 &6909452857323733697
PrefabInstance:
  m_ObjectHideFlags: 0
  serializedVersion: 2
  m_Modification:
    m_TransformParent: {fileID: 5888554908688025781}
    m_Modifications:
    - target: {fileID: 6570126451626828289, guid: cbe57a3d781d80f459706a2d33457c95,
        type: 3}
      propertyPath: m_Name
      value: Desert_Road_Straight (13)
      objectReference: {fileID: 0}
    - target: {fileID: 7887666527142121490, guid: cbe57a3d781d80f459706a2d33457c95,
        type: 3}
      propertyPath: m_LocalPosition.x
      value: -63
      objectReference: {fileID: 0}
    - target: {fileID: 7887666527142121490, guid: cbe57a3d781d80f459706a2d33457c95,
        type: 3}
      propertyPath: m_LocalPosition.y
      value: -0.71661
      objectReference: {fileID: 0}
    - target: {fileID: 7887666527142121490, guid: cbe57a3d781d80f459706a2d33457c95,
        type: 3}
      propertyPath: m_LocalPosition.z
      value: -89.13998
      objectReference: {fileID: 0}
    - target: {fileID: 7887666527142121490, guid: cbe57a3d781d80f459706a2d33457c95,
        type: 3}
      propertyPath: m_LocalRotation.x
      value: -0
      objectReference: {fileID: 0}
    - target: {fileID: 7887666527142121490, guid: cbe57a3d781d80f459706a2d33457c95,
        type: 3}
      propertyPath: m_LocalRotation.y
      value: 0.7071068
      objectReference: {fileID: 0}
    - target: {fileID: 7887666527142121490, guid: cbe57a3d781d80f459706a2d33457c95,
        type: 3}
      propertyPath: m_LocalRotation.z
      value: -0
      objectReference: {fileID: 0}
    - target: {fileID: 7887666527142121490, guid: cbe57a3d781d80f459706a2d33457c95,
        type: 3}
      propertyPath: m_LocalRotation.w
      value: -0.7071068
      objectReference: {fileID: 0}
    - target: {fileID: 7887666527142121490, guid: cbe57a3d781d80f459706a2d33457c95,
        type: 3}
      propertyPath: m_RootOrder
      value: 7
      objectReference: {fileID: 0}
    - target: {fileID: 7887666527142121490, guid: cbe57a3d781d80f459706a2d33457c95,
        type: 3}
      propertyPath: m_LocalEulerAnglesHint.x
      value: 0
      objectReference: {fileID: 0}
    - target: {fileID: 7887666527142121490, guid: cbe57a3d781d80f459706a2d33457c95,
        type: 3}
      propertyPath: m_LocalEulerAnglesHint.y
      value: 0
      objectReference: {fileID: 0}
    - target: {fileID: 7887666527142121490, guid: cbe57a3d781d80f459706a2d33457c95,
        type: 3}
      propertyPath: m_LocalEulerAnglesHint.z
      value: 0
      objectReference: {fileID: 0}
    - target: {fileID: 7887666527142121490, guid: cbe57a3d781d80f459706a2d33457c95,
        type: 3}
      propertyPath: m_LocalScale.x
      value: 1
      objectReference: {fileID: 0}
    - target: {fileID: 7887666527142121490, guid: cbe57a3d781d80f459706a2d33457c95,
        type: 3}
      propertyPath: m_LocalScale.y
      value: 1
      objectReference: {fileID: 0}
    - target: {fileID: 7887666527142121490, guid: cbe57a3d781d80f459706a2d33457c95,
        type: 3}
      propertyPath: m_LocalScale.z
      value: 1
      objectReference: {fileID: 0}
    - target: {fileID: 9027339084408348880, guid: cbe57a3d781d80f459706a2d33457c95,
        type: 3}
      propertyPath: m_IsActive
      value: 0
      objectReference: {fileID: 0}
    m_RemovedComponents: []
  m_SourcePrefab: {fileID: 100100000, guid: cbe57a3d781d80f459706a2d33457c95, type: 3}
--- !u!4 &3645048371025892051 stripped
Transform:
  m_CorrespondingSourceObject: {fileID: 7887666527142121490, guid: cbe57a3d781d80f459706a2d33457c95,
    type: 3}
  m_PrefabInstance: {fileID: 6909452857323733697}
  m_PrefabAsset: {fileID: 0}
--- !u!1001 &7060773476702567973
PrefabInstance:
  m_ObjectHideFlags: 0
  serializedVersion: 2
  m_Modification:
    m_TransformParent: {fileID: 5888554908688025781}
    m_Modifications:
    - target: {fileID: 6570126451626828289, guid: cbe57a3d781d80f459706a2d33457c95,
        type: 3}
      propertyPath: m_Name
      value: Desert_Road_Straight (15)
      objectReference: {fileID: 0}
    - target: {fileID: 7887666527142121490, guid: cbe57a3d781d80f459706a2d33457c95,
        type: 3}
      propertyPath: m_LocalPosition.x
      value: -63
      objectReference: {fileID: 0}
    - target: {fileID: 7887666527142121490, guid: cbe57a3d781d80f459706a2d33457c95,
        type: 3}
      propertyPath: m_LocalPosition.y
      value: -0.71661
      objectReference: {fileID: 0}
    - target: {fileID: 7887666527142121490, guid: cbe57a3d781d80f459706a2d33457c95,
        type: 3}
      propertyPath: m_LocalPosition.z
      value: -68.430016
      objectReference: {fileID: 0}
    - target: {fileID: 7887666527142121490, guid: cbe57a3d781d80f459706a2d33457c95,
        type: 3}
      propertyPath: m_LocalRotation.x
      value: -0
      objectReference: {fileID: 0}
    - target: {fileID: 7887666527142121490, guid: cbe57a3d781d80f459706a2d33457c95,
        type: 3}
      propertyPath: m_LocalRotation.y
      value: 0.7071068
      objectReference: {fileID: 0}
    - target: {fileID: 7887666527142121490, guid: cbe57a3d781d80f459706a2d33457c95,
        type: 3}
      propertyPath: m_LocalRotation.z
      value: -0
      objectReference: {fileID: 0}
    - target: {fileID: 7887666527142121490, guid: cbe57a3d781d80f459706a2d33457c95,
        type: 3}
      propertyPath: m_LocalRotation.w
      value: -0.7071068
      objectReference: {fileID: 0}
    - target: {fileID: 7887666527142121490, guid: cbe57a3d781d80f459706a2d33457c95,
        type: 3}
      propertyPath: m_RootOrder
      value: 9
      objectReference: {fileID: 0}
    - target: {fileID: 7887666527142121490, guid: cbe57a3d781d80f459706a2d33457c95,
        type: 3}
      propertyPath: m_LocalEulerAnglesHint.x
      value: 0
      objectReference: {fileID: 0}
    - target: {fileID: 7887666527142121490, guid: cbe57a3d781d80f459706a2d33457c95,
        type: 3}
      propertyPath: m_LocalEulerAnglesHint.y
      value: 0
      objectReference: {fileID: 0}
    - target: {fileID: 7887666527142121490, guid: cbe57a3d781d80f459706a2d33457c95,
        type: 3}
      propertyPath: m_LocalEulerAnglesHint.z
      value: 0
      objectReference: {fileID: 0}
    - target: {fileID: 7887666527142121490, guid: cbe57a3d781d80f459706a2d33457c95,
        type: 3}
      propertyPath: m_LocalScale.x
      value: 1
      objectReference: {fileID: 0}
    - target: {fileID: 7887666527142121490, guid: cbe57a3d781d80f459706a2d33457c95,
        type: 3}
      propertyPath: m_LocalScale.y
      value: 1
      objectReference: {fileID: 0}
    - target: {fileID: 7887666527142121490, guid: cbe57a3d781d80f459706a2d33457c95,
        type: 3}
      propertyPath: m_LocalScale.z
      value: 1
      objectReference: {fileID: 0}
    - target: {fileID: 9027339084408348880, guid: cbe57a3d781d80f459706a2d33457c95,
        type: 3}
      propertyPath: m_IsActive
      value: 0
      objectReference: {fileID: 0}
    m_RemovedComponents: []
  m_SourcePrefab: {fileID: 100100000, guid: cbe57a3d781d80f459706a2d33457c95, type: 3}
--- !u!4 &903665496578108983 stripped
Transform:
  m_CorrespondingSourceObject: {fileID: 7887666527142121490, guid: cbe57a3d781d80f459706a2d33457c95,
    type: 3}
  m_PrefabInstance: {fileID: 7060773476702567973}
  m_PrefabAsset: {fileID: 0}
--- !u!1001 &7115604001171935785
PrefabInstance:
  m_ObjectHideFlags: 0
  serializedVersion: 2
  m_Modification:
    m_TransformParent: {fileID: 5888554908688025781}
    m_Modifications:
    - target: {fileID: 6570126451626828289, guid: cbe57a3d781d80f459706a2d33457c95,
        type: 3}
      propertyPath: m_Name
      value: Desert_Road_Straight (19)
      objectReference: {fileID: 0}
    - target: {fileID: 7887666527142121490, guid: cbe57a3d781d80f459706a2d33457c95,
        type: 3}
      propertyPath: m_LocalPosition.x
      value: -63
      objectReference: {fileID: 0}
    - target: {fileID: 7887666527142121490, guid: cbe57a3d781d80f459706a2d33457c95,
        type: 3}
      propertyPath: m_LocalPosition.y
      value: -0.71661
      objectReference: {fileID: 0}
    - target: {fileID: 7887666527142121490, guid: cbe57a3d781d80f459706a2d33457c95,
        type: 3}
      propertyPath: m_LocalPosition.z
      value: 14.410095
      objectReference: {fileID: 0}
    - target: {fileID: 7887666527142121490, guid: cbe57a3d781d80f459706a2d33457c95,
        type: 3}
      propertyPath: m_LocalRotation.x
      value: -0
      objectReference: {fileID: 0}
    - target: {fileID: 7887666527142121490, guid: cbe57a3d781d80f459706a2d33457c95,
        type: 3}
      propertyPath: m_LocalRotation.y
      value: 0.7071068
      objectReference: {fileID: 0}
    - target: {fileID: 7887666527142121490, guid: cbe57a3d781d80f459706a2d33457c95,
        type: 3}
      propertyPath: m_LocalRotation.z
      value: -0
      objectReference: {fileID: 0}
    - target: {fileID: 7887666527142121490, guid: cbe57a3d781d80f459706a2d33457c95,
        type: 3}
      propertyPath: m_LocalRotation.w
      value: -0.7071068
      objectReference: {fileID: 0}
    - target: {fileID: 7887666527142121490, guid: cbe57a3d781d80f459706a2d33457c95,
        type: 3}
      propertyPath: m_RootOrder
      value: 13
      objectReference: {fileID: 0}
    - target: {fileID: 7887666527142121490, guid: cbe57a3d781d80f459706a2d33457c95,
        type: 3}
      propertyPath: m_LocalEulerAnglesHint.x
      value: 0
      objectReference: {fileID: 0}
    - target: {fileID: 7887666527142121490, guid: cbe57a3d781d80f459706a2d33457c95,
        type: 3}
      propertyPath: m_LocalEulerAnglesHint.y
      value: 0
      objectReference: {fileID: 0}
    - target: {fileID: 7887666527142121490, guid: cbe57a3d781d80f459706a2d33457c95,
        type: 3}
      propertyPath: m_LocalEulerAnglesHint.z
      value: 0
      objectReference: {fileID: 0}
    - target: {fileID: 7887666527142121490, guid: cbe57a3d781d80f459706a2d33457c95,
        type: 3}
      propertyPath: m_LocalScale.x
      value: 1
      objectReference: {fileID: 0}
    - target: {fileID: 7887666527142121490, guid: cbe57a3d781d80f459706a2d33457c95,
        type: 3}
      propertyPath: m_LocalScale.y
      value: 1
      objectReference: {fileID: 0}
    - target: {fileID: 7887666527142121490, guid: cbe57a3d781d80f459706a2d33457c95,
        type: 3}
      propertyPath: m_LocalScale.z
      value: 1
      objectReference: {fileID: 0}
    - target: {fileID: 9027339084408348880, guid: cbe57a3d781d80f459706a2d33457c95,
        type: 3}
      propertyPath: m_IsActive
      value: 0
      objectReference: {fileID: 0}
    m_RemovedComponents: []
  m_SourcePrefab: {fileID: 100100000, guid: cbe57a3d781d80f459706a2d33457c95, type: 3}
--- !u!4 &1137487427510207035 stripped
Transform:
  m_CorrespondingSourceObject: {fileID: 7887666527142121490, guid: cbe57a3d781d80f459706a2d33457c95,
    type: 3}
  m_PrefabInstance: {fileID: 7115604001171935785}
  m_PrefabAsset: {fileID: 0}
--- !u!1001 &7198425974889768665
PrefabInstance:
  m_ObjectHideFlags: 0
  serializedVersion: 2
  m_Modification:
    m_TransformParent: {fileID: 5888554908688025781}
    m_Modifications:
    - target: {fileID: 6570126451626828289, guid: cbe57a3d781d80f459706a2d33457c95,
        type: 3}
      propertyPath: m_Name
      value: Desert_Road_Straight (20)
      objectReference: {fileID: 0}
    - target: {fileID: 7887666527142121490, guid: cbe57a3d781d80f459706a2d33457c95,
        type: 3}
      propertyPath: m_LocalPosition.x
      value: -63
      objectReference: {fileID: 0}
    - target: {fileID: 7887666527142121490, guid: cbe57a3d781d80f459706a2d33457c95,
        type: 3}
      propertyPath: m_LocalPosition.y
      value: -0.71661
      objectReference: {fileID: 0}
    - target: {fileID: 7887666527142121490, guid: cbe57a3d781d80f459706a2d33457c95,
        type: 3}
      propertyPath: m_LocalPosition.z
      value: 35.11798
      objectReference: {fileID: 0}
    - target: {fileID: 7887666527142121490, guid: cbe57a3d781d80f459706a2d33457c95,
        type: 3}
      propertyPath: m_LocalRotation.x
      value: -0
      objectReference: {fileID: 0}
    - target: {fileID: 7887666527142121490, guid: cbe57a3d781d80f459706a2d33457c95,
        type: 3}
      propertyPath: m_LocalRotation.y
      value: 0.7071068
      objectReference: {fileID: 0}
    - target: {fileID: 7887666527142121490, guid: cbe57a3d781d80f459706a2d33457c95,
        type: 3}
      propertyPath: m_LocalRotation.z
      value: -0
      objectReference: {fileID: 0}
    - target: {fileID: 7887666527142121490, guid: cbe57a3d781d80f459706a2d33457c95,
        type: 3}
      propertyPath: m_LocalRotation.w
      value: -0.7071068
      objectReference: {fileID: 0}
    - target: {fileID: 7887666527142121490, guid: cbe57a3d781d80f459706a2d33457c95,
        type: 3}
      propertyPath: m_RootOrder
      value: 14
      objectReference: {fileID: 0}
    - target: {fileID: 7887666527142121490, guid: cbe57a3d781d80f459706a2d33457c95,
        type: 3}
      propertyPath: m_LocalEulerAnglesHint.x
      value: 0
      objectReference: {fileID: 0}
    - target: {fileID: 7887666527142121490, guid: cbe57a3d781d80f459706a2d33457c95,
        type: 3}
      propertyPath: m_LocalEulerAnglesHint.y
      value: 0
      objectReference: {fileID: 0}
    - target: {fileID: 7887666527142121490, guid: cbe57a3d781d80f459706a2d33457c95,
        type: 3}
      propertyPath: m_LocalEulerAnglesHint.z
      value: 0
      objectReference: {fileID: 0}
    - target: {fileID: 7887666527142121490, guid: cbe57a3d781d80f459706a2d33457c95,
        type: 3}
      propertyPath: m_LocalScale.x
      value: 1
      objectReference: {fileID: 0}
    - target: {fileID: 7887666527142121490, guid: cbe57a3d781d80f459706a2d33457c95,
        type: 3}
      propertyPath: m_LocalScale.y
      value: 1
      objectReference: {fileID: 0}
    - target: {fileID: 7887666527142121490, guid: cbe57a3d781d80f459706a2d33457c95,
        type: 3}
      propertyPath: m_LocalScale.z
      value: 1
      objectReference: {fileID: 0}
    - target: {fileID: 9027339084408348880, guid: cbe57a3d781d80f459706a2d33457c95,
        type: 3}
      propertyPath: m_IsActive
      value: 0
      objectReference: {fileID: 0}
    m_RemovedComponents: []
  m_SourcePrefab: {fileID: 100100000, guid: cbe57a3d781d80f459706a2d33457c95, type: 3}
--- !u!4 &1050302587426076363 stripped
Transform:
  m_CorrespondingSourceObject: {fileID: 7887666527142121490, guid: cbe57a3d781d80f459706a2d33457c95,
    type: 3}
  m_PrefabInstance: {fileID: 7198425974889768665}
  m_PrefabAsset: {fileID: 0}
--- !u!1001 &7898769752068960445
PrefabInstance:
  m_ObjectHideFlags: 0
  serializedVersion: 2
  m_Modification:
    m_TransformParent: {fileID: 5888554908688025781}
    m_Modifications:
    - target: {fileID: -927199367670048503, guid: 78456656c334b594aadac3bf5b0881e6,
        type: 3}
      propertyPath: m_Name
      value: City_ApartmentBuilding_01 (2)
      objectReference: {fileID: 0}
    - target: {fileID: -927199367670048503, guid: 78456656c334b594aadac3bf5b0881e6,
        type: 3}
      propertyPath: m_IsActive
      value: 1
      objectReference: {fileID: 0}
    - target: {fileID: -4216859302048453862, guid: 78456656c334b594aadac3bf5b0881e6,
        type: 3}
      propertyPath: m_LocalPosition.x
      value: 100
      objectReference: {fileID: 0}
    - target: {fileID: -4216859302048453862, guid: 78456656c334b594aadac3bf5b0881e6,
        type: 3}
      propertyPath: m_LocalPosition.y
      value: 51.260014
      objectReference: {fileID: 0}
    - target: {fileID: -4216859302048453862, guid: 78456656c334b594aadac3bf5b0881e6,
        type: 3}
      propertyPath: m_LocalPosition.z
      value: 0
      objectReference: {fileID: 0}
    - target: {fileID: -4216859302048453862, guid: 78456656c334b594aadac3bf5b0881e6,
        type: 3}
      propertyPath: m_LocalRotation.x
      value: 0
      objectReference: {fileID: 0}
    - target: {fileID: -4216859302048453862, guid: 78456656c334b594aadac3bf5b0881e6,
        type: 3}
      propertyPath: m_LocalRotation.y
      value: -0
      objectReference: {fileID: 0}
    - target: {fileID: -4216859302048453862, guid: 78456656c334b594aadac3bf5b0881e6,
        type: 3}
      propertyPath: m_LocalRotation.z
      value: -0
      objectReference: {fileID: 0}
    - target: {fileID: -4216859302048453862, guid: 78456656c334b594aadac3bf5b0881e6,
        type: 3}
      propertyPath: m_LocalRotation.w
      value: 1
      objectReference: {fileID: 0}
    - target: {fileID: -4216859302048453862, guid: 78456656c334b594aadac3bf5b0881e6,
        type: 3}
      propertyPath: m_RootOrder
      value: 3
      objectReference: {fileID: 0}
    - target: {fileID: -4216859302048453862, guid: 78456656c334b594aadac3bf5b0881e6,
        type: 3}
      propertyPath: m_LocalEulerAnglesHint.x
      value: 0
      objectReference: {fileID: 0}
    - target: {fileID: -4216859302048453862, guid: 78456656c334b594aadac3bf5b0881e6,
        type: 3}
      propertyPath: m_LocalEulerAnglesHint.y
      value: 0
      objectReference: {fileID: 0}
    - target: {fileID: -4216859302048453862, guid: 78456656c334b594aadac3bf5b0881e6,
        type: 3}
      propertyPath: m_LocalEulerAnglesHint.z
      value: 0
      objectReference: {fileID: 0}
    m_RemovedComponents: []
  m_SourcePrefab: {fileID: 100100000, guid: 78456656c334b594aadac3bf5b0881e6, type: 3}
--- !u!4 &2946662523382930343 stripped
Transform:
  m_CorrespondingSourceObject: {fileID: -4216859302048453862, guid: 78456656c334b594aadac3bf5b0881e6,
    type: 3}
  m_PrefabInstance: {fileID: 7898769752068960445}
  m_PrefabAsset: {fileID: 0}
--- !u!1001 &8144581263179009609
PrefabInstance:
  m_ObjectHideFlags: 0
  serializedVersion: 2
  m_Modification:
    m_TransformParent: {fileID: 5888554908688025781}
    m_Modifications:
    - target: {fileID: 6570126451626828289, guid: cbe57a3d781d80f459706a2d33457c95,
        type: 3}
      propertyPath: m_Name
      value: Desert_Road_Straight (12)
      objectReference: {fileID: 0}
    - target: {fileID: 7887666527142121490, guid: cbe57a3d781d80f459706a2d33457c95,
        type: 3}
      propertyPath: m_LocalPosition.x
      value: -63
      objectReference: {fileID: 0}
    - target: {fileID: 7887666527142121490, guid: cbe57a3d781d80f459706a2d33457c95,
        type: 3}
      propertyPath: m_LocalPosition.y
      value: -0.71661
      objectReference: {fileID: 0}
    - target: {fileID: 7887666527142121490, guid: cbe57a3d781d80f459706a2d33457c95,
        type: 3}
      propertyPath: m_LocalPosition.z
      value: -130.56003
      objectReference: {fileID: 0}
    - target: {fileID: 7887666527142121490, guid: cbe57a3d781d80f459706a2d33457c95,
        type: 3}
      propertyPath: m_LocalRotation.x
      value: -0
      objectReference: {fileID: 0}
    - target: {fileID: 7887666527142121490, guid: cbe57a3d781d80f459706a2d33457c95,
        type: 3}
      propertyPath: m_LocalRotation.y
      value: 0.7071068
      objectReference: {fileID: 0}
    - target: {fileID: 7887666527142121490, guid: cbe57a3d781d80f459706a2d33457c95,
        type: 3}
      propertyPath: m_LocalRotation.z
      value: -0
      objectReference: {fileID: 0}
    - target: {fileID: 7887666527142121490, guid: cbe57a3d781d80f459706a2d33457c95,
        type: 3}
      propertyPath: m_LocalRotation.w
      value: -0.7071068
      objectReference: {fileID: 0}
    - target: {fileID: 7887666527142121490, guid: cbe57a3d781d80f459706a2d33457c95,
        type: 3}
      propertyPath: m_RootOrder
      value: 6
      objectReference: {fileID: 0}
    - target: {fileID: 7887666527142121490, guid: cbe57a3d781d80f459706a2d33457c95,
        type: 3}
      propertyPath: m_LocalEulerAnglesHint.x
      value: 0
      objectReference: {fileID: 0}
    - target: {fileID: 7887666527142121490, guid: cbe57a3d781d80f459706a2d33457c95,
        type: 3}
      propertyPath: m_LocalEulerAnglesHint.y
      value: 0
      objectReference: {fileID: 0}
    - target: {fileID: 7887666527142121490, guid: cbe57a3d781d80f459706a2d33457c95,
        type: 3}
      propertyPath: m_LocalEulerAnglesHint.z
      value: 0
      objectReference: {fileID: 0}
    - target: {fileID: 7887666527142121490, guid: cbe57a3d781d80f459706a2d33457c95,
        type: 3}
      propertyPath: m_LocalScale.x
      value: 1
      objectReference: {fileID: 0}
    - target: {fileID: 7887666527142121490, guid: cbe57a3d781d80f459706a2d33457c95,
        type: 3}
      propertyPath: m_LocalScale.y
      value: 1
      objectReference: {fileID: 0}
    - target: {fileID: 7887666527142121490, guid: cbe57a3d781d80f459706a2d33457c95,
        type: 3}
      propertyPath: m_LocalScale.z
      value: 1
      objectReference: {fileID: 0}
    - target: {fileID: 9027339084408348880, guid: cbe57a3d781d80f459706a2d33457c95,
        type: 3}
      propertyPath: m_IsActive
      value: 0
      objectReference: {fileID: 0}
    m_RemovedComponents: []
  m_SourcePrefab: {fileID: 100100000, guid: cbe57a3d781d80f459706a2d33457c95, type: 3}
--- !u!4 &2049634172932054619 stripped
Transform:
  m_CorrespondingSourceObject: {fileID: 7887666527142121490, guid: cbe57a3d781d80f459706a2d33457c95,
    type: 3}
  m_PrefabInstance: {fileID: 8144581263179009609}
  m_PrefabAsset: {fileID: 0}
--- !u!1001 &8385768718336530188
PrefabInstance:
  m_ObjectHideFlags: 0
  serializedVersion: 2
  m_Modification:
    m_TransformParent: {fileID: 5888554908688025781}
    m_Modifications:
    - target: {fileID: -927199367670048503, guid: 78456656c334b594aadac3bf5b0881e6,
        type: 3}
      propertyPath: m_Name
      value: City_ApartmentBuilding_01 (3)
      objectReference: {fileID: 0}
    - target: {fileID: -927199367670048503, guid: 78456656c334b594aadac3bf5b0881e6,
        type: 3}
      propertyPath: m_IsActive
      value: 1
      objectReference: {fileID: 0}
    - target: {fileID: -4216859302048453862, guid: 78456656c334b594aadac3bf5b0881e6,
        type: 3}
      propertyPath: m_LocalPosition.x
      value: 100
      objectReference: {fileID: 0}
    - target: {fileID: -4216859302048453862, guid: 78456656c334b594aadac3bf5b0881e6,
        type: 3}
      propertyPath: m_LocalPosition.y
      value: 51.26
      objectReference: {fileID: 0}
    - target: {fileID: -4216859302048453862, guid: 78456656c334b594aadac3bf5b0881e6,
        type: 3}
      propertyPath: m_LocalPosition.z
      value: -100
      objectReference: {fileID: 0}
    - target: {fileID: -4216859302048453862, guid: 78456656c334b594aadac3bf5b0881e6,
        type: 3}
      propertyPath: m_LocalRotation.x
      value: 0
      objectReference: {fileID: 0}
    - target: {fileID: -4216859302048453862, guid: 78456656c334b594aadac3bf5b0881e6,
        type: 3}
      propertyPath: m_LocalRotation.y
      value: -0
      objectReference: {fileID: 0}
    - target: {fileID: -4216859302048453862, guid: 78456656c334b594aadac3bf5b0881e6,
        type: 3}
      propertyPath: m_LocalRotation.z
      value: -0
      objectReference: {fileID: 0}
    - target: {fileID: -4216859302048453862, guid: 78456656c334b594aadac3bf5b0881e6,
        type: 3}
      propertyPath: m_LocalRotation.w
      value: 1
      objectReference: {fileID: 0}
    - target: {fileID: -4216859302048453862, guid: 78456656c334b594aadac3bf5b0881e6,
        type: 3}
      propertyPath: m_RootOrder
      value: 4
      objectReference: {fileID: 0}
    - target: {fileID: -4216859302048453862, guid: 78456656c334b594aadac3bf5b0881e6,
        type: 3}
      propertyPath: m_LocalEulerAnglesHint.x
      value: 0
      objectReference: {fileID: 0}
    - target: {fileID: -4216859302048453862, guid: 78456656c334b594aadac3bf5b0881e6,
        type: 3}
      propertyPath: m_LocalEulerAnglesHint.y
      value: 0
      objectReference: {fileID: 0}
    - target: {fileID: -4216859302048453862, guid: 78456656c334b594aadac3bf5b0881e6,
        type: 3}
      propertyPath: m_LocalEulerAnglesHint.z
      value: 0
      objectReference: {fileID: 0}
    m_RemovedComponents: []
  m_SourcePrefab: {fileID: 100100000, guid: 78456656c334b594aadac3bf5b0881e6, type: 3}
--- !u!4 &3538291050492836886 stripped
Transform:
  m_CorrespondingSourceObject: {fileID: -4216859302048453862, guid: 78456656c334b594aadac3bf5b0881e6,
    type: 3}
  m_PrefabInstance: {fileID: 8385768718336530188}
  m_PrefabAsset: {fileID: 0}
--- !u!1001 &8979614091334980805
PrefabInstance:
  m_ObjectHideFlags: 0
  serializedVersion: 2
  m_Modification:
    m_TransformParent: {fileID: 5888554908688025781}
    m_Modifications:
    - target: {fileID: 2818602916946417702, guid: 61ab8b2dc1803a547a89dbb66a82797e,
        type: 3}
      propertyPath: m_Name
      value: Desert_Road_4Way (3)
      objectReference: {fileID: 0}
    - target: {fileID: 1244939305058462261, guid: 61ab8b2dc1803a547a89dbb66a82797e,
        type: 3}
      propertyPath: m_LocalPosition.x
      value: -63.000977
      objectReference: {fileID: 0}
    - target: {fileID: 1244939305058462261, guid: 61ab8b2dc1803a547a89dbb66a82797e,
        type: 3}
      propertyPath: m_LocalPosition.y
      value: -0.67963004
      objectReference: {fileID: 0}
    - target: {fileID: 1244939305058462261, guid: 61ab8b2dc1803a547a89dbb66a82797e,
        type: 3}
      propertyPath: m_LocalPosition.z
      value: -163.17294
      objectReference: {fileID: 0}
    - target: {fileID: 1244939305058462261, guid: 61ab8b2dc1803a547a89dbb66a82797e,
        type: 3}
      propertyPath: m_LocalRotation.x
      value: -0
      objectReference: {fileID: 0}
    - target: {fileID: 1244939305058462261, guid: 61ab8b2dc1803a547a89dbb66a82797e,
        type: 3}
      propertyPath: m_LocalRotation.y
      value: 0.7071068
      objectReference: {fileID: 0}
    - target: {fileID: 1244939305058462261, guid: 61ab8b2dc1803a547a89dbb66a82797e,
        type: 3}
      propertyPath: m_LocalRotation.z
      value: -0
      objectReference: {fileID: 0}
    - target: {fileID: 1244939305058462261, guid: 61ab8b2dc1803a547a89dbb66a82797e,
        type: 3}
      propertyPath: m_LocalRotation.w
      value: -0.7071068
      objectReference: {fileID: 0}
    - target: {fileID: 1244939305058462261, guid: 61ab8b2dc1803a547a89dbb66a82797e,
        type: 3}
      propertyPath: m_RootOrder
      value: 5
      objectReference: {fileID: 0}
    - target: {fileID: 1244939305058462261, guid: 61ab8b2dc1803a547a89dbb66a82797e,
        type: 3}
      propertyPath: m_LocalEulerAnglesHint.x
      value: 0
      objectReference: {fileID: 0}
    - target: {fileID: 1244939305058462261, guid: 61ab8b2dc1803a547a89dbb66a82797e,
        type: 3}
      propertyPath: m_LocalEulerAnglesHint.y
      value: 0
      objectReference: {fileID: 0}
    - target: {fileID: 1244939305058462261, guid: 61ab8b2dc1803a547a89dbb66a82797e,
        type: 3}
      propertyPath: m_LocalEulerAnglesHint.z
      value: 0
      objectReference: {fileID: 0}
    - target: {fileID: 1244939305058462261, guid: 61ab8b2dc1803a547a89dbb66a82797e,
        type: 3}
      propertyPath: m_LocalScale.x
      value: 1
      objectReference: {fileID: 0}
    - target: {fileID: 1244939305058462261, guid: 61ab8b2dc1803a547a89dbb66a82797e,
        type: 3}
      propertyPath: m_LocalScale.y
      value: 1
      objectReference: {fileID: 0}
    - target: {fileID: 1244939305058462261, guid: 61ab8b2dc1803a547a89dbb66a82797e,
        type: 3}
      propertyPath: m_LocalScale.z
      value: 1
      objectReference: {fileID: 0}
    - target: {fileID: 8554935426270250577, guid: 61ab8b2dc1803a547a89dbb66a82797e,
        type: 3}
      propertyPath: m_IsActive
      value: 0
      objectReference: {fileID: 0}
    - target: {fileID: 2996666027170006641, guid: 61ab8b2dc1803a547a89dbb66a82797e,
        type: 3}
      propertyPath: m_IsActive
      value: 0
      objectReference: {fileID: 0}
    - target: {fileID: 4013991585339316423, guid: 61ab8b2dc1803a547a89dbb66a82797e,
        type: 3}
      propertyPath: m_IsActive
      value: 0
      objectReference: {fileID: 0}
    m_RemovedComponents: []
  m_SourcePrefab: {fileID: 100100000, guid: 61ab8b2dc1803a547a89dbb66a82797e, type: 3}
--- !u!4 &7915945797126160112 stripped
Transform:
  m_CorrespondingSourceObject: {fileID: 1244939305058462261, guid: 61ab8b2dc1803a547a89dbb66a82797e,
    type: 3}
  m_PrefabInstance: {fileID: 8979614091334980805}
  m_PrefabAsset: {fileID: 0}
--- !u!1001 &9113016427874232477
PrefabInstance:
  m_ObjectHideFlags: 0
  serializedVersion: 2
  m_Modification:
    m_TransformParent: {fileID: 5888554908688025781}
    m_Modifications:
    - target: {fileID: 6570126451626828289, guid: cbe57a3d781d80f459706a2d33457c95,
        type: 3}
      propertyPath: m_Name
      value: Desert_Road_Straight (17)
      objectReference: {fileID: 0}
    - target: {fileID: 7887666527142121490, guid: cbe57a3d781d80f459706a2d33457c95,
        type: 3}
      propertyPath: m_LocalPosition.x
      value: -63
      objectReference: {fileID: 0}
    - target: {fileID: 7887666527142121490, guid: cbe57a3d781d80f459706a2d33457c95,
        type: 3}
      propertyPath: m_LocalPosition.y
      value: -0.71661
      objectReference: {fileID: 0}
    - target: {fileID: 7887666527142121490, guid: cbe57a3d781d80f459706a2d33457c95,
        type: 3}
      propertyPath: m_LocalPosition.z
      value: -6.3
      objectReference: {fileID: 0}
    - target: {fileID: 7887666527142121490, guid: cbe57a3d781d80f459706a2d33457c95,
        type: 3}
      propertyPath: m_LocalRotation.x
      value: -0
      objectReference: {fileID: 0}
    - target: {fileID: 7887666527142121490, guid: cbe57a3d781d80f459706a2d33457c95,
        type: 3}
      propertyPath: m_LocalRotation.y
      value: 0.7071068
      objectReference: {fileID: 0}
    - target: {fileID: 7887666527142121490, guid: cbe57a3d781d80f459706a2d33457c95,
        type: 3}
      propertyPath: m_LocalRotation.z
      value: -0
      objectReference: {fileID: 0}
    - target: {fileID: 7887666527142121490, guid: cbe57a3d781d80f459706a2d33457c95,
        type: 3}
      propertyPath: m_LocalRotation.w
      value: -0.7071068
      objectReference: {fileID: 0}
    - target: {fileID: 7887666527142121490, guid: cbe57a3d781d80f459706a2d33457c95,
        type: 3}
      propertyPath: m_RootOrder
      value: 11
      objectReference: {fileID: 0}
    - target: {fileID: 7887666527142121490, guid: cbe57a3d781d80f459706a2d33457c95,
        type: 3}
      propertyPath: m_LocalEulerAnglesHint.x
      value: 0
      objectReference: {fileID: 0}
    - target: {fileID: 7887666527142121490, guid: cbe57a3d781d80f459706a2d33457c95,
        type: 3}
      propertyPath: m_LocalEulerAnglesHint.y
      value: 0
      objectReference: {fileID: 0}
    - target: {fileID: 7887666527142121490, guid: cbe57a3d781d80f459706a2d33457c95,
        type: 3}
      propertyPath: m_LocalEulerAnglesHint.z
      value: 0
      objectReference: {fileID: 0}
    - target: {fileID: 7887666527142121490, guid: cbe57a3d781d80f459706a2d33457c95,
        type: 3}
      propertyPath: m_LocalScale.x
      value: 1
      objectReference: {fileID: 0}
    - target: {fileID: 7887666527142121490, guid: cbe57a3d781d80f459706a2d33457c95,
        type: 3}
      propertyPath: m_LocalScale.y
      value: 1
      objectReference: {fileID: 0}
    - target: {fileID: 7887666527142121490, guid: cbe57a3d781d80f459706a2d33457c95,
        type: 3}
      propertyPath: m_LocalScale.z
      value: 1
      objectReference: {fileID: 0}
    - target: {fileID: 9027339084408348880, guid: cbe57a3d781d80f459706a2d33457c95,
        type: 3}
      propertyPath: m_IsActive
      value: 0
      objectReference: {fileID: 0}
    m_RemovedComponents: []
  m_SourcePrefab: {fileID: 100100000, guid: cbe57a3d781d80f459706a2d33457c95, type: 3}
--- !u!4 &1369497545339156623 stripped
Transform:
  m_CorrespondingSourceObject: {fileID: 7887666527142121490, guid: cbe57a3d781d80f459706a2d33457c95,
    type: 3}
  m_PrefabInstance: {fileID: 9113016427874232477}
  m_PrefabAsset: {fileID: 0}
