%YAML 1.1
%TAG !u! tag:unity3d.com,2011:
--- !u!1 &401680806191701167
GameObject:
  m_ObjectHideFlags: 0
  m_CorrespondingSourceObject: {fileID: 0}
  m_PrefabInstance: {fileID: 0}
  m_PrefabAsset: {fileID: 0}
  serializedVersion: 6
  m_Component:
  - component: {fileID: 4081478366495623739}
  - component: {fileID: 4365016119518824273}
  m_Layer: 11
  m_Name: Snap_4Way_LOC_3 (1)
  m_TagString: Untagged
  m_Icon: {fileID: 0}
  m_NavMeshLayer: 0
  m_StaticEditorFlags: 0
  m_IsActive: 1
--- !u!4 &4081478366495623739
Transform:
  m_ObjectHideFlags: 0
  m_CorrespondingSourceObject: {fileID: 0}
  m_PrefabInstance: {fileID: 0}
  m_PrefabAsset: {fileID: 0}
  m_GameObject: {fileID: 401680806191701167}
  m_LocalRotation: {x: -0, y: -1, z: -0, w: 0}
  m_LocalPosition: {x: -1548.6794, y: 2.4062195, z: 0.5455322}
  m_LocalScale: {x: 1, y: 1, z: 1}
  m_Children: []
  m_Father: {fileID: 6189461598079095537}
  m_RootOrder: 0
  m_LocalEulerAnglesHint: {x: 0, y: 0, z: 0}
--- !u!65 &4365016119518824273
BoxCollider:
  m_ObjectHideFlags: 0
  m_CorrespondingSourceObject: {fileID: 0}
  m_PrefabInstance: {fileID: 0}
  m_PrefabAsset: {fileID: 0}
  m_GameObject: {fileID: 401680806191701167}
  m_Material: {fileID: 0}
  m_IsTrigger: 0
  m_Enabled: 1
  serializedVersion: 2
  m_Size: {x: 10, y: 1, z: 10}
  m_Center: {x: 0, y: 0, z: 0}
--- !u!1 &494682279877845990
GameObject:
  m_ObjectHideFlags: 0
  m_CorrespondingSourceObject: {fileID: 0}
  m_PrefabInstance: {fileID: 0}
  m_PrefabAsset: {fileID: 0}
  serializedVersion: 6
  m_Component:
  - component: {fileID: 5784840192573979118}
  m_Layer: 0
  m_Name: City_Quarter (1)
  m_TagString: Untagged
  m_Icon: {fileID: 0}
  m_NavMeshLayer: 0
  m_StaticEditorFlags: 0
  m_IsActive: 1
--- !u!4 &5784840192573979118
Transform:
  m_ObjectHideFlags: 0
  m_CorrespondingSourceObject: {fileID: 0}
  m_PrefabInstance: {fileID: 0}
  m_PrefabAsset: {fileID: 0}
  m_GameObject: {fileID: 494682279877845990}
  m_LocalRotation: {x: 0, y: 0.7071068, z: 0, w: 0.7071068}
  m_LocalPosition: {x: 0.10202, y: 0.0010147, z: 195.69}
  m_LocalScale: {x: 1, y: 1, z: 1}
  m_Children: []
  m_Father: {fileID: 6189461598347684203}
  m_RootOrder: 11
  m_LocalEulerAnglesHint: {x: 0, y: 90, z: 0}
--- !u!1 &1567642042678845676
GameObject:
  m_ObjectHideFlags: 0
  m_CorrespondingSourceObject: {fileID: 0}
  m_PrefabInstance: {fileID: 0}
  m_PrefabAsset: {fileID: 0}
  serializedVersion: 6
  m_Component:
  - component: {fileID: 4572165853066551255}
  m_Layer: 0
  m_Name: City_Quarter (2)
  m_TagString: Untagged
  m_Icon: {fileID: 0}
  m_NavMeshLayer: 0
  m_StaticEditorFlags: 0
  m_IsActive: 1
--- !u!4 &4572165853066551255
Transform:
  m_ObjectHideFlags: 0
  m_CorrespondingSourceObject: {fileID: 0}
  m_PrefabInstance: {fileID: 0}
  m_PrefabAsset: {fileID: 0}
  m_GameObject: {fileID: 1567642042678845676}
  m_LocalRotation: {x: 0, y: 1, z: 0, w: 0}
  m_LocalPosition: {x: 195.78, y: 0.0010147, z: 195.58}
  m_LocalScale: {x: 1, y: 1, z: 1}
  m_Children: []
  m_Father: {fileID: 6189461598347684203}
  m_RootOrder: 12
  m_LocalEulerAnglesHint: {x: 0, y: 180, z: 0}
--- !u!1 &6189461597274241487
GameObject:
  m_ObjectHideFlags: 0
  m_CorrespondingSourceObject: {fileID: 0}
  m_PrefabInstance: {fileID: 0}
  m_PrefabAsset: {fileID: 0}
  serializedVersion: 6
  m_Component:
  - component: {fileID: 6189461598347684203}
  m_Layer: 0
  m_Name: City_4Way 1
  m_TagString: Untagged
  m_Icon: {fileID: 0}
  m_NavMeshLayer: 0
  m_StaticEditorFlags: 0
  m_IsActive: 1
--- !u!4 &6189461598347684203
Transform:
  m_ObjectHideFlags: 0
  m_CorrespondingSourceObject: {fileID: 0}
  m_PrefabInstance: {fileID: 0}
  m_PrefabAsset: {fileID: 0}
  m_GameObject: {fileID: 6189461597274241487}
  m_LocalRotation: {x: 0, y: 0, z: 0, w: 1}
  m_LocalPosition: {x: 0, y: 105, z: 0}
  m_LocalScale: {x: 1, y: 1, z: 1}
  m_Children:
  - {fileID: 6189461598079095537}
  - {fileID: 6189461598316025963}
  - {fileID: 6189461598577321646}
  - {fileID: 8890427865275941304}
  - {fileID: 6915470491602749005}
  - {fileID: 5620658814962674911}
  - {fileID: 2270551085076499784}
  - {fileID: 8986823337774814238}
  - {fileID: 621684445752140113}
  - {fileID: 5187417408708233110}
  - {fileID: 645186789963772641}
  - {fileID: 5784840192573979118}
  - {fileID: 4572165853066551255}
  - {fileID: 2472521512875562957}
  m_Father: {fileID: 0}
  m_RootOrder: 0
  m_LocalEulerAnglesHint: {x: 0, y: 0, z: 0}
--- !u!1 &6189461598079095538
GameObject:
  m_ObjectHideFlags: 0
  m_CorrespondingSourceObject: {fileID: 0}
  m_PrefabInstance: {fileID: 0}
  m_PrefabAsset: {fileID: 0}
  serializedVersion: 6
  m_Component:
  - component: {fileID: 6189461598079095537}
  m_Layer: 11
  m_Name: Snap Points
  m_TagString: Untagged
  m_Icon: {fileID: 0}
  m_NavMeshLayer: 0
  m_StaticEditorFlags: 0
  m_IsActive: 1
--- !u!4 &6189461598079095537
Transform:
  m_ObjectHideFlags: 0
  m_CorrespondingSourceObject: {fileID: 0}
  m_PrefabInstance: {fileID: 0}
  m_PrefabAsset: {fileID: 0}
  m_GameObject: {fileID: 6189461598079095538}
  m_LocalRotation: {x: -0, y: 0.7071068, z: -0, w: 0.7071068}
  m_LocalPosition: {x: 97.31162, y: -102.10037, z: -309.4073}
  m_LocalScale: {x: 1, y: 1, z: 1}
  m_Children:
  - {fileID: 4081478366495623739}
  - {fileID: 8232864867959692759}
  - {fileID: 4810718788727311505}
  - {fileID: 8477097622577116075}
  m_Father: {fileID: 6189461598347684203}
  m_RootOrder: 0
  m_LocalEulerAnglesHint: {x: 0, y: 0, z: 0}
--- !u!1 &7094790630922429581
GameObject:
  m_ObjectHideFlags: 0
  m_CorrespondingSourceObject: {fileID: 0}
  m_PrefabInstance: {fileID: 0}
  m_PrefabAsset: {fileID: 0}
  serializedVersion: 6
  m_Component:
  - component: {fileID: 4810718788727311505}
  - component: {fileID: 5208905869476087554}
  m_Layer: 11
  m_Name: Snap_4Way_LOC_3 (1)
  m_TagString: Untagged
  m_Icon: {fileID: 0}
  m_NavMeshLayer: 0
  m_StaticEditorFlags: 0
  m_IsActive: 1
--- !u!4 &4810718788727311505
Transform:
  m_ObjectHideFlags: 0
  m_CorrespondingSourceObject: {fileID: 0}
  m_PrefabInstance: {fileID: 0}
  m_PrefabAsset: {fileID: 0}
  m_GameObject: {fileID: 7094790630922429581}
  m_LocalRotation: {x: -0, y: -0, z: -0, w: 1}
  m_LocalPosition: {x: 734.23486, y: 2.4062195, z: 0.56500244}
  m_LocalScale: {x: 1, y: 1, z: 1}
  m_Children: []
  m_Father: {fileID: 6189461598079095537}
  m_RootOrder: 2
  m_LocalEulerAnglesHint: {x: 0, y: 0, z: 0}
--- !u!65 &5208905869476087554
BoxCollider:
  m_ObjectHideFlags: 0
  m_CorrespondingSourceObject: {fileID: 0}
  m_PrefabInstance: {fileID: 0}
  m_PrefabAsset: {fileID: 0}
  m_GameObject: {fileID: 7094790630922429581}
  m_Material: {fileID: 0}
  m_IsTrigger: 0
  m_Enabled: 1
  serializedVersion: 2
  m_Size: {x: 10, y: 1, z: 10}
  m_Center: {x: 0, y: 0, z: 0}
--- !u!1 &7565320983364826857
GameObject:
  m_ObjectHideFlags: 0
  m_CorrespondingSourceObject: {fileID: 0}
  m_PrefabInstance: {fileID: 0}
  m_PrefabAsset: {fileID: 0}
  serializedVersion: 6
  m_Component:
  - component: {fileID: 2472521512875562957}
  m_Layer: 0
  m_Name: City_Quarter (3)
  m_TagString: Untagged
  m_Icon: {fileID: 0}
  m_NavMeshLayer: 0
  m_StaticEditorFlags: 0
  m_IsActive: 1
--- !u!4 &2472521512875562957
Transform:
  m_ObjectHideFlags: 0
  m_CorrespondingSourceObject: {fileID: 0}
  m_PrefabInstance: {fileID: 0}
  m_PrefabAsset: {fileID: 0}
  m_GameObject: {fileID: 7565320983364826857}
  m_LocalRotation: {x: 0, y: -0.7071068, z: 0, w: 0.7071068}
  m_LocalPosition: {x: 195.63, y: 0.0010147, z: -0.059753}
  m_LocalScale: {x: 1, y: 1, z: 1}
  m_Children: []
  m_Father: {fileID: 6189461598347684203}
  m_RootOrder: 13
  m_LocalEulerAnglesHint: {x: 0, y: -90, z: 0}
--- !u!1 &8302150699258651512
GameObject:
  m_ObjectHideFlags: 0
  m_CorrespondingSourceObject: {fileID: 0}
  m_PrefabInstance: {fileID: 0}
  m_PrefabAsset: {fileID: 0}
  serializedVersion: 6
  m_Component:
  - component: {fileID: 645186789963772641}
  m_Layer: 0
  m_Name: City_Quarter
  m_TagString: Untagged
  m_Icon: {fileID: 0}
  m_NavMeshLayer: 0
  m_StaticEditorFlags: 0
  m_IsActive: 1
--- !u!4 &645186789963772641
Transform:
  m_ObjectHideFlags: 0
  m_CorrespondingSourceObject: {fileID: 0}
  m_PrefabInstance: {fileID: 0}
  m_PrefabAsset: {fileID: 0}
  m_GameObject: {fileID: 8302150699258651512}
  m_LocalRotation: {x: 0, y: 0, z: 0, w: 1}
  m_LocalPosition: {x: 0, y: 0, z: 0}
  m_LocalScale: {x: 1, y: 1, z: 1}
  m_Children: []
  m_Father: {fileID: 6189461598347684203}
  m_RootOrder: 10
  m_LocalEulerAnglesHint: {x: 0, y: 0, z: 0}
--- !u!1 &8762849230601406883
GameObject:
  m_ObjectHideFlags: 0
  m_CorrespondingSourceObject: {fileID: 0}
  m_PrefabInstance: {fileID: 0}
  m_PrefabAsset: {fileID: 0}
  serializedVersion: 6
  m_Component:
  - component: {fileID: 8477097622577116075}
  - component: {fileID: 7970986705160171020}
  m_Layer: 11
  m_Name: Snap_4Way_LOC_3 (1)
  m_TagString: Untagged
  m_Icon: {fileID: 0}
  m_NavMeshLayer: 0
  m_StaticEditorFlags: 0
  m_IsActive: 1
--- !u!4 &8477097622577116075
Transform:
  m_ObjectHideFlags: 0
  m_CorrespondingSourceObject: {fileID: 0}
  m_PrefabInstance: {fileID: 0}
  m_PrefabAsset: {fileID: 0}
  m_GameObject: {fileID: 8762849230601406883}
  m_LocalRotation: {x: -0, y: -0.7071068, z: -0, w: 0.7071068}
  m_LocalPosition: {x: -407.2341, y: 2.4051666, z: 1141.7203}
  m_LocalScale: {x: 1, y: 1, z: 1}
  m_Children: []
  m_Father: {fileID: 6189461598079095537}
  m_RootOrder: 3
  m_LocalEulerAnglesHint: {x: 0, y: 0, z: 0}
--- !u!65 &7970986705160171020
BoxCollider:
  m_ObjectHideFlags: 0
  m_CorrespondingSourceObject: {fileID: 0}
  m_PrefabInstance: {fileID: 0}
  m_PrefabAsset: {fileID: 0}
  m_GameObject: {fileID: 8762849230601406883}
  m_Material: {fileID: 0}
  m_IsTrigger: 0
  m_Enabled: 1
  serializedVersion: 2
  m_Size: {x: 10, y: 1, z: 10}
  m_Center: {x: 0, y: 0, z: 0}
--- !u!1 &9199400347007869122
GameObject:
  m_ObjectHideFlags: 0
  m_CorrespondingSourceObject: {fileID: 0}
  m_PrefabInstance: {fileID: 0}
  m_PrefabAsset: {fileID: 0}
  serializedVersion: 6
  m_Component:
  - component: {fileID: 8232864867959692759}
  - component: {fileID: 8911224750625946741}
  m_Layer: 11
  m_Name: Snap_4Way_LOC_3 (1)
  m_TagString: Untagged
  m_Icon: {fileID: 0}
  m_NavMeshLayer: 0
  m_StaticEditorFlags: 0
  m_IsActive: 1
--- !u!4 &8232864867959692759
Transform:
  m_ObjectHideFlags: 0
  m_CorrespondingSourceObject: {fileID: 0}
  m_PrefabInstance: {fileID: 0}
  m_PrefabAsset: {fileID: 0}
  m_GameObject: {fileID: 9199400347007869122}
  m_LocalRotation: {x: -0, y: 0.7071068, z: -0, w: 0.7071068}
  m_LocalPosition: {x: -407.1656, y: 2.4062195, z: -1140.8938}
  m_LocalScale: {x: 1, y: 1, z: 1}
  m_Children: []
  m_Father: {fileID: 6189461598079095537}
  m_RootOrder: 1
  m_LocalEulerAnglesHint: {x: 0, y: 0, z: 0}
--- !u!65 &8911224750625946741
BoxCollider:
  m_ObjectHideFlags: 0
  m_CorrespondingSourceObject: {fileID: 0}
  m_PrefabInstance: {fileID: 0}
  m_PrefabAsset: {fileID: 0}
  m_GameObject: {fileID: 9199400347007869122}
  m_Material: {fileID: 0}
  m_IsTrigger: 0
  m_Enabled: 1
  serializedVersion: 2
  m_Size: {x: 10, y: 1, z: 10}
  m_Center: {x: 0, y: 0, z: 0}
--- !u!1001 &3130368478229408613
PrefabInstance:
  m_ObjectHideFlags: 0
  serializedVersion: 2
  m_Modification:
    m_TransformParent: {fileID: 6189461598347684203}
    m_Modifications:
    - target: {fileID: 3815626015987557933, guid: 2b69eda8f8f845b45801b4a2db0839fb,
        type: 3}
      propertyPath: m_LocalPosition.x
      value: -315.74
      objectReference: {fileID: 0}
    - target: {fileID: 3815626015987557933, guid: 2b69eda8f8f845b45801b4a2db0839fb,
        type: 3}
      propertyPath: m_LocalPosition.y
      value: -194.01
      objectReference: {fileID: 0}
    - target: {fileID: 3815626015987557933, guid: 2b69eda8f8f845b45801b4a2db0839fb,
        type: 3}
      propertyPath: m_LocalPosition.z
      value: -13.339
      objectReference: {fileID: 0}
    - target: {fileID: 3815626015987557933, guid: 2b69eda8f8f845b45801b4a2db0839fb,
        type: 3}
      propertyPath: m_LocalRotation.x
      value: 0
      objectReference: {fileID: 0}
    - target: {fileID: 3815626015987557933, guid: 2b69eda8f8f845b45801b4a2db0839fb,
        type: 3}
      propertyPath: m_LocalRotation.y
      value: 1
      objectReference: {fileID: 0}
    - target: {fileID: 3815626015987557933, guid: 2b69eda8f8f845b45801b4a2db0839fb,
        type: 3}
      propertyPath: m_LocalRotation.z
      value: 0
      objectReference: {fileID: 0}
    - target: {fileID: 3815626015987557933, guid: 2b69eda8f8f845b45801b4a2db0839fb,
        type: 3}
      propertyPath: m_LocalRotation.w
      value: 0
      objectReference: {fileID: 0}
    - target: {fileID: 3815626015987557933, guid: 2b69eda8f8f845b45801b4a2db0839fb,
        type: 3}
      propertyPath: m_RootOrder
      value: 6
      objectReference: {fileID: 0}
    - target: {fileID: 3815626015987557933, guid: 2b69eda8f8f845b45801b4a2db0839fb,
        type: 3}
      propertyPath: m_LocalEulerAnglesHint.x
      value: 0
      objectReference: {fileID: 0}
    - target: {fileID: 3815626015987557933, guid: 2b69eda8f8f845b45801b4a2db0839fb,
        type: 3}
      propertyPath: m_LocalEulerAnglesHint.y
      value: 180
      objectReference: {fileID: 0}
    - target: {fileID: 3815626015987557933, guid: 2b69eda8f8f845b45801b4a2db0839fb,
        type: 3}
      propertyPath: m_LocalEulerAnglesHint.z
      value: 0
      objectReference: {fileID: 0}
    - target: {fileID: 3815626015987557932, guid: 2b69eda8f8f845b45801b4a2db0839fb,
        type: 3}
      propertyPath: m_Name
      value: SixStraightTo4Way (4)
      objectReference: {fileID: 0}
    m_RemovedComponents: []
  m_SourcePrefab: {fileID: 100100000, guid: 2b69eda8f8f845b45801b4a2db0839fb, type: 3}
--- !u!4 &2270551085076499784 stripped
Transform:
  m_CorrespondingSourceObject: {fileID: 3815626015987557933, guid: 2b69eda8f8f845b45801b4a2db0839fb,
    type: 3}
  m_PrefabInstance: {fileID: 3130368478229408613}
  m_PrefabAsset: {fileID: 0}
--- !u!1001 &4346951177550448508
PrefabInstance:
  m_ObjectHideFlags: 0
  serializedVersion: 2
  m_Modification:
    m_TransformParent: {fileID: 6189461598347684203}
    m_Modifications:
    - target: {fileID: 3815626015987557933, guid: 2b69eda8f8f845b45801b4a2db0839fb,
        type: 3}
      propertyPath: m_LocalPosition.x
      value: 208.97
      objectReference: {fileID: 0}
    - target: {fileID: 3815626015987557933, guid: 2b69eda8f8f845b45801b4a2db0839fb,
        type: 3}
      propertyPath: m_LocalPosition.y
      value: -194.01
      objectReference: {fileID: 0}
    - target: {fileID: 3815626015987557933, guid: 2b69eda8f8f845b45801b4a2db0839fb,
        type: 3}
      propertyPath: m_LocalPosition.z
      value: -315.8
      objectReference: {fileID: 0}
    - target: {fileID: 3815626015987557933, guid: 2b69eda8f8f845b45801b4a2db0839fb,
        type: 3}
      propertyPath: m_LocalRotation.x
      value: 0
      objectReference: {fileID: 0}
    - target: {fileID: 3815626015987557933, guid: 2b69eda8f8f845b45801b4a2db0839fb,
        type: 3}
      propertyPath: m_LocalRotation.y
      value: 0.7071068
      objectReference: {fileID: 0}
    - target: {fileID: 3815626015987557933, guid: 2b69eda8f8f845b45801b4a2db0839fb,
        type: 3}
      propertyPath: m_LocalRotation.z
      value: 0
      objectReference: {fileID: 0}
    - target: {fileID: 3815626015987557933, guid: 2b69eda8f8f845b45801b4a2db0839fb,
        type: 3}
      propertyPath: m_LocalRotation.w
      value: 0.7071068
      objectReference: {fileID: 0}
    - target: {fileID: 3815626015987557933, guid: 2b69eda8f8f845b45801b4a2db0839fb,
        type: 3}
      propertyPath: m_RootOrder
      value: 8
      objectReference: {fileID: 0}
    - target: {fileID: 3815626015987557933, guid: 2b69eda8f8f845b45801b4a2db0839fb,
        type: 3}
      propertyPath: m_LocalEulerAnglesHint.x
      value: 0
      objectReference: {fileID: 0}
    - target: {fileID: 3815626015987557933, guid: 2b69eda8f8f845b45801b4a2db0839fb,
        type: 3}
      propertyPath: m_LocalEulerAnglesHint.y
      value: 90
      objectReference: {fileID: 0}
    - target: {fileID: 3815626015987557933, guid: 2b69eda8f8f845b45801b4a2db0839fb,
        type: 3}
      propertyPath: m_LocalEulerAnglesHint.z
      value: 0
      objectReference: {fileID: 0}
    - target: {fileID: 3815626015987557932, guid: 2b69eda8f8f845b45801b4a2db0839fb,
        type: 3}
      propertyPath: m_Name
      value: SixStraightTo4Way (6)
      objectReference: {fileID: 0}
    m_RemovedComponents: []
  m_SourcePrefab: {fileID: 100100000, guid: 2b69eda8f8f845b45801b4a2db0839fb, type: 3}
--- !u!4 &621684445752140113 stripped
Transform:
  m_CorrespondingSourceObject: {fileID: 3815626015987557933, guid: 2b69eda8f8f845b45801b4a2db0839fb,
    type: 3}
  m_PrefabInstance: {fileID: 4346951177550448508}
  m_PrefabAsset: {fileID: 0}
--- !u!1001 &5207374562428154419
PrefabInstance:
  m_ObjectHideFlags: 0
  serializedVersion: 2
  m_Modification:
    m_TransformParent: {fileID: 6189461598347684203}
    m_Modifications:
    - target: {fileID: 3815626015987557933, guid: 2b69eda8f8f845b45801b4a2db0839fb,
        type: 3}
      propertyPath: m_LocalPosition.x
      value: -772.33
      objectReference: {fileID: 0}
    - target: {fileID: 3815626015987557933, guid: 2b69eda8f8f845b45801b4a2db0839fb,
        type: 3}
      propertyPath: m_LocalPosition.y
      value: -194.01
      objectReference: {fileID: 0}
    - target: {fileID: 3815626015987557933, guid: 2b69eda8f8f845b45801b4a2db0839fb,
        type: 3}
      propertyPath: m_LocalPosition.z
      value: -13.335
      objectReference: {fileID: 0}
    - target: {fileID: 3815626015987557933, guid: 2b69eda8f8f845b45801b4a2db0839fb,
        type: 3}
      propertyPath: m_LocalRotation.x
      value: 0
      objectReference: {fileID: 0}
    - target: {fileID: 3815626015987557933, guid: 2b69eda8f8f845b45801b4a2db0839fb,
        type: 3}
      propertyPath: m_LocalRotation.y
      value: 1
      objectReference: {fileID: 0}
    - target: {fileID: 3815626015987557933, guid: 2b69eda8f8f845b45801b4a2db0839fb,
        type: 3}
      propertyPath: m_LocalRotation.z
      value: 0
      objectReference: {fileID: 0}
    - target: {fileID: 3815626015987557933, guid: 2b69eda8f8f845b45801b4a2db0839fb,
        type: 3}
      propertyPath: m_LocalRotation.w
      value: 0
      objectReference: {fileID: 0}
    - target: {fileID: 3815626015987557933, guid: 2b69eda8f8f845b45801b4a2db0839fb,
        type: 3}
      propertyPath: m_RootOrder
      value: 7
      objectReference: {fileID: 0}
    - target: {fileID: 3815626015987557933, guid: 2b69eda8f8f845b45801b4a2db0839fb,
        type: 3}
      propertyPath: m_LocalEulerAnglesHint.x
      value: 0
      objectReference: {fileID: 0}
    - target: {fileID: 3815626015987557933, guid: 2b69eda8f8f845b45801b4a2db0839fb,
        type: 3}
      propertyPath: m_LocalEulerAnglesHint.y
      value: 180
      objectReference: {fileID: 0}
    - target: {fileID: 3815626015987557933, guid: 2b69eda8f8f845b45801b4a2db0839fb,
        type: 3}
      propertyPath: m_LocalEulerAnglesHint.z
      value: 0
      objectReference: {fileID: 0}
    - target: {fileID: 3815626015987557932, guid: 2b69eda8f8f845b45801b4a2db0839fb,
        type: 3}
      propertyPath: m_Name
      value: SixStraightTo4Way (5)
      objectReference: {fileID: 0}
    m_RemovedComponents: []
  m_SourcePrefab: {fileID: 100100000, guid: 2b69eda8f8f845b45801b4a2db0839fb, type: 3}
--- !u!4 &8986823337774814238 stripped
Transform:
  m_CorrespondingSourceObject: {fileID: 3815626015987557933, guid: 2b69eda8f8f845b45801b4a2db0839fb,
    type: 3}
  m_PrefabInstance: {fileID: 5207374562428154419}
  m_PrefabAsset: {fileID: 0}
--- !u!1001 &5733916507170973589
PrefabInstance:
  m_ObjectHideFlags: 0
  serializedVersion: 2
  m_Modification:
    m_TransformParent: {fileID: 6189461598347684203}
    m_Modifications:
    - target: {fileID: 3815626015987557933, guid: 2b69eda8f8f845b45801b4a2db0839fb,
        type: 3}
      propertyPath: m_LocalPosition.x
      value: 967.78
      objectReference: {fileID: 0}
    - target: {fileID: 3815626015987557933, guid: 2b69eda8f8f845b45801b4a2db0839fb,
        type: 3}
      propertyPath: m_LocalPosition.y
      value: -194.01105
      objectReference: {fileID: 0}
    - target: {fileID: 3815626015987557933, guid: 2b69eda8f8f845b45801b4a2db0839fb,
        type: 3}
      propertyPath: m_LocalPosition.z
      value: 208.92
      objectReference: {fileID: 0}
    - target: {fileID: 3815626015987557933, guid: 2b69eda8f8f845b45801b4a2db0839fb,
        type: 3}
      propertyPath: m_LocalRotation.x
      value: -0
      objectReference: {fileID: 0}
    - target: {fileID: 3815626015987557933, guid: 2b69eda8f8f845b45801b4a2db0839fb,
        type: 3}
      propertyPath: m_LocalRotation.y
      value: -0
      objectReference: {fileID: 0}
    - target: {fileID: 3815626015987557933, guid: 2b69eda8f8f845b45801b4a2db0839fb,
        type: 3}
      propertyPath: m_LocalRotation.z
      value: -0
      objectReference: {fileID: 0}
    - target: {fileID: 3815626015987557933, guid: 2b69eda8f8f845b45801b4a2db0839fb,
        type: 3}
      propertyPath: m_LocalRotation.w
      value: 1
      objectReference: {fileID: 0}
    - target: {fileID: 3815626015987557933, guid: 2b69eda8f8f845b45801b4a2db0839fb,
        type: 3}
      propertyPath: m_RootOrder
      value: 3
      objectReference: {fileID: 0}
    - target: {fileID: 3815626015987557933, guid: 2b69eda8f8f845b45801b4a2db0839fb,
        type: 3}
      propertyPath: m_LocalEulerAnglesHint.x
      value: 0
      objectReference: {fileID: 0}
    - target: {fileID: 3815626015987557933, guid: 2b69eda8f8f845b45801b4a2db0839fb,
        type: 3}
      propertyPath: m_LocalEulerAnglesHint.y
      value: 0
      objectReference: {fileID: 0}
    - target: {fileID: 3815626015987557933, guid: 2b69eda8f8f845b45801b4a2db0839fb,
        type: 3}
      propertyPath: m_LocalEulerAnglesHint.z
      value: 0
      objectReference: {fileID: 0}
    - target: {fileID: 3815626015987557932, guid: 2b69eda8f8f845b45801b4a2db0839fb,
        type: 3}
      propertyPath: m_Name
      value: SixStraightTo4Way (1)
      objectReference: {fileID: 0}
    m_RemovedComponents: []
  m_SourcePrefab: {fileID: 100100000, guid: 2b69eda8f8f845b45801b4a2db0839fb, type: 3}
--- !u!4 &8890427865275941304 stripped
Transform:
  m_CorrespondingSourceObject: {fileID: 3815626015987557933, guid: 2b69eda8f8f845b45801b4a2db0839fb,
    type: 3}
  m_PrefabInstance: {fileID: 5733916507170973589}
  m_PrefabAsset: {fileID: 0}
--- !u!1001 &6756969517707263140
PrefabInstance:
  m_ObjectHideFlags: 0
  serializedVersion: 2
  m_Modification:
    m_TransformParent: {fileID: 6189461598347684203}
    m_Modifications:
    - target: {fileID: 585733476026229967, guid: 73b62a6a059b97f44bee2d507766c1ab,
        type: 3}
      propertyPath: m_LocalPosition.x
      value: 294.66
      objectReference: {fileID: 0}
    - target: {fileID: 585733476026229967, guid: 73b62a6a059b97f44bee2d507766c1ab,
        type: 3}
      propertyPath: m_LocalPosition.y
      value: -102.1
      objectReference: {fileID: 0}
    - target: {fileID: 585733476026229967, guid: 73b62a6a059b97f44bee2d507766c1ab,
        type: 3}
      propertyPath: m_LocalPosition.z
      value: 97.744
      objectReference: {fileID: 0}
    - target: {fileID: 585733476026229967, guid: 73b62a6a059b97f44bee2d507766c1ab,
        type: 3}
      propertyPath: m_LocalRotation.x
      value: 0
      objectReference: {fileID: 0}
    - target: {fileID: 585733476026229967, guid: 73b62a6a059b97f44bee2d507766c1ab,
        type: 3}
      propertyPath: m_LocalRotation.y
      value: 0.7071068
      objectReference: {fileID: 0}
    - target: {fileID: 585733476026229967, guid: 73b62a6a059b97f44bee2d507766c1ab,
        type: 3}
      propertyPath: m_LocalRotation.z
      value: -0
      objectReference: {fileID: 0}
    - target: {fileID: 585733476026229967, guid: 73b62a6a059b97f44bee2d507766c1ab,
        type: 3}
      propertyPath: m_LocalRotation.w
      value: -0.7071068
      objectReference: {fileID: 0}
    - target: {fileID: 585733476026229967, guid: 73b62a6a059b97f44bee2d507766c1ab,
        type: 3}
      propertyPath: m_RootOrder
      value: 1
      objectReference: {fileID: 0}
    - target: {fileID: 585733476026229967, guid: 73b62a6a059b97f44bee2d507766c1ab,
        type: 3}
      propertyPath: m_LocalEulerAnglesHint.x
      value: 0
      objectReference: {fileID: 0}
    - target: {fileID: 585733476026229967, guid: 73b62a6a059b97f44bee2d507766c1ab,
        type: 3}
      propertyPath: m_LocalEulerAnglesHint.y
      value: 270
      objectReference: {fileID: 0}
    - target: {fileID: 585733476026229967, guid: 73b62a6a059b97f44bee2d507766c1ab,
        type: 3}
      propertyPath: m_LocalEulerAnglesHint.z
      value: 0
      objectReference: {fileID: 0}
    - target: {fileID: 585733476026229952, guid: 73b62a6a059b97f44bee2d507766c1ab,
        type: 3}
      propertyPath: m_Name
      value: Portal_Roads
      objectReference: {fileID: 0}
    m_RemovedComponents: []
  m_SourcePrefab: {fileID: 100100000, guid: 73b62a6a059b97f44bee2d507766c1ab, type: 3}
--- !u!4 &6189461598316025963 stripped
Transform:
  m_CorrespondingSourceObject: {fileID: 585733476026229967, guid: 73b62a6a059b97f44bee2d507766c1ab,
    type: 3}
  m_PrefabInstance: {fileID: 6756969517707263140}
  m_PrefabAsset: {fileID: 0}
--- !u!1001 &6995973834523410563
PrefabInstance:
  m_ObjectHideFlags: 0
  serializedVersion: 2
  m_Modification:
    m_TransformParent: {fileID: 6189461598347684203}
    m_Modifications:
    - target: {fileID: 3815626015987557933, guid: 2b69eda8f8f845b45801b4a2db0839fb,
        type: 3}
      propertyPath: m_LocalPosition.x
      value: 511.52
      objectReference: {fileID: 0}
    - target: {fileID: 3815626015987557933, guid: 2b69eda8f8f845b45801b4a2db0839fb,
        type: 3}
      propertyPath: m_LocalPosition.y
      value: -194.01
      objectReference: {fileID: 0}
    - target: {fileID: 3815626015987557933, guid: 2b69eda8f8f845b45801b4a2db0839fb,
        type: 3}
      propertyPath: m_LocalPosition.z
      value: 208.92
      objectReference: {fileID: 0}
    - target: {fileID: 3815626015987557933, guid: 2b69eda8f8f845b45801b4a2db0839fb,
        type: 3}
      propertyPath: m_LocalRotation.x
      value: -0
      objectReference: {fileID: 0}
    - target: {fileID: 3815626015987557933, guid: 2b69eda8f8f845b45801b4a2db0839fb,
        type: 3}
      propertyPath: m_LocalRotation.y
      value: -0
      objectReference: {fileID: 0}
    - target: {fileID: 3815626015987557933, guid: 2b69eda8f8f845b45801b4a2db0839fb,
        type: 3}
      propertyPath: m_LocalRotation.z
      value: -0
      objectReference: {fileID: 0}
    - target: {fileID: 3815626015987557933, guid: 2b69eda8f8f845b45801b4a2db0839fb,
        type: 3}
      propertyPath: m_LocalRotation.w
      value: 1
      objectReference: {fileID: 0}
    - target: {fileID: 3815626015987557933, guid: 2b69eda8f8f845b45801b4a2db0839fb,
        type: 3}
      propertyPath: m_RootOrder
      value: 2
      objectReference: {fileID: 0}
    - target: {fileID: 3815626015987557933, guid: 2b69eda8f8f845b45801b4a2db0839fb,
        type: 3}
      propertyPath: m_LocalEulerAnglesHint.x
      value: 0
      objectReference: {fileID: 0}
    - target: {fileID: 3815626015987557933, guid: 2b69eda8f8f845b45801b4a2db0839fb,
        type: 3}
      propertyPath: m_LocalEulerAnglesHint.y
      value: 0
      objectReference: {fileID: 0}
    - target: {fileID: 3815626015987557933, guid: 2b69eda8f8f845b45801b4a2db0839fb,
        type: 3}
      propertyPath: m_LocalEulerAnglesHint.z
      value: 0
      objectReference: {fileID: 0}
    - target: {fileID: 3815626015987557932, guid: 2b69eda8f8f845b45801b4a2db0839fb,
        type: 3}
      propertyPath: m_Name
      value: SixStraightTo4Way
      objectReference: {fileID: 0}
    m_RemovedComponents: []
  m_SourcePrefab: {fileID: 100100000, guid: 2b69eda8f8f845b45801b4a2db0839fb, type: 3}
--- !u!4 &6189461598577321646 stripped
Transform:
  m_CorrespondingSourceObject: {fileID: 3815626015987557933, guid: 2b69eda8f8f845b45801b4a2db0839fb,
    type: 3}
  m_PrefabInstance: {fileID: 6995973834523410563}
  m_PrefabAsset: {fileID: 0}
--- !u!1001 &7713395540775460960
PrefabInstance:
  m_ObjectHideFlags: 0
  serializedVersion: 2
  m_Modification:
    m_TransformParent: {fileID: 6189461598347684203}
    m_Modifications:
    - target: {fileID: 3815626015987557933, guid: 2b69eda8f8f845b45801b4a2db0839fb,
        type: 3}
      propertyPath: m_LocalPosition.x
      value: -13.24
      objectReference: {fileID: 0}
    - target: {fileID: 3815626015987557933, guid: 2b69eda8f8f845b45801b4a2db0839fb,
        type: 3}
      propertyPath: m_LocalPosition.y
      value: -194.01
      objectReference: {fileID: 0}
    - target: {fileID: 3815626015987557933, guid: 2b69eda8f8f845b45801b4a2db0839fb,
        type: 3}
      propertyPath: m_LocalPosition.z
      value: 511.43
      objectReference: {fileID: 0}
    - target: {fileID: 3815626015987557933, guid: 2b69eda8f8f845b45801b4a2db0839fb,
        type: 3}
      propertyPath: m_LocalRotation.x
      value: 0
      objectReference: {fileID: 0}
    - target: {fileID: 3815626015987557933, guid: 2b69eda8f8f845b45801b4a2db0839fb,
        type: 3}
      propertyPath: m_LocalRotation.y
      value: -0.7071068
      objectReference: {fileID: 0}
    - target: {fileID: 3815626015987557933, guid: 2b69eda8f8f845b45801b4a2db0839fb,
        type: 3}
      propertyPath: m_LocalRotation.z
      value: 0
      objectReference: {fileID: 0}
    - target: {fileID: 3815626015987557933, guid: 2b69eda8f8f845b45801b4a2db0839fb,
        type: 3}
      propertyPath: m_LocalRotation.w
      value: 0.7071068
      objectReference: {fileID: 0}
    - target: {fileID: 3815626015987557933, guid: 2b69eda8f8f845b45801b4a2db0839fb,
        type: 3}
      propertyPath: m_RootOrder
      value: 4
      objectReference: {fileID: 0}
    - target: {fileID: 3815626015987557933, guid: 2b69eda8f8f845b45801b4a2db0839fb,
        type: 3}
      propertyPath: m_LocalEulerAnglesHint.x
      value: 0
      objectReference: {fileID: 0}
    - target: {fileID: 3815626015987557933, guid: 2b69eda8f8f845b45801b4a2db0839fb,
        type: 3}
      propertyPath: m_LocalEulerAnglesHint.y
      value: -90
      objectReference: {fileID: 0}
    - target: {fileID: 3815626015987557933, guid: 2b69eda8f8f845b45801b4a2db0839fb,
        type: 3}
      propertyPath: m_LocalEulerAnglesHint.z
      value: 0
      objectReference: {fileID: 0}
    - target: {fileID: 3815626015987557932, guid: 2b69eda8f8f845b45801b4a2db0839fb,
        type: 3}
      propertyPath: m_Name
      value: SixStraightTo4Way (2)
      objectReference: {fileID: 0}
    m_RemovedComponents: []
  m_SourcePrefab: {fileID: 100100000, guid: 2b69eda8f8f845b45801b4a2db0839fb, type: 3}
--- !u!4 &6915470491602749005 stripped
Transform:
  m_CorrespondingSourceObject: {fileID: 3815626015987557933, guid: 2b69eda8f8f845b45801b4a2db0839fb,
    type: 3}
  m_PrefabInstance: {fileID: 7713395540775460960}
  m_PrefabAsset: {fileID: 0}
--- !u!1001 &8290769585948729787
PrefabInstance:
  m_ObjectHideFlags: 0
  serializedVersion: 2
  m_Modification:
    m_TransformParent: {fileID: 6189461598347684203}
    m_Modifications:
    - target: {fileID: 3815626015987557933, guid: 2b69eda8f8f845b45801b4a2db0839fb,
        type: 3}
      propertyPath: m_LocalPosition.x
      value: 208.97
      objectReference: {fileID: 0}
    - target: {fileID: 3815626015987557933, guid: 2b69eda8f8f845b45801b4a2db0839fb,
        type: 3}
      propertyPath: m_LocalPosition.y
      value: -194.01
      objectReference: {fileID: 0}
    - target: {fileID: 3815626015987557933, guid: 2b69eda8f8f845b45801b4a2db0839fb,
        type: 3}
      propertyPath: m_LocalPosition.z
      value: -772.39
      objectReference: {fileID: 0}
    - target: {fileID: 3815626015987557933, guid: 2b69eda8f8f845b45801b4a2db0839fb,
        type: 3}
      propertyPath: m_LocalRotation.x
      value: 0
      objectReference: {fileID: 0}
    - target: {fileID: 3815626015987557933, guid: 2b69eda8f8f845b45801b4a2db0839fb,
        type: 3}
      propertyPath: m_LocalRotation.y
      value: 0.7071068
      objectReference: {fileID: 0}
    - target: {fileID: 3815626015987557933, guid: 2b69eda8f8f845b45801b4a2db0839fb,
        type: 3}
      propertyPath: m_LocalRotation.z
      value: 0
      objectReference: {fileID: 0}
    - target: {fileID: 3815626015987557933, guid: 2b69eda8f8f845b45801b4a2db0839fb,
        type: 3}
      propertyPath: m_LocalRotation.w
      value: 0.7071068
      objectReference: {fileID: 0}
    - target: {fileID: 3815626015987557933, guid: 2b69eda8f8f845b45801b4a2db0839fb,
        type: 3}
      propertyPath: m_RootOrder
      value: 9
      objectReference: {fileID: 0}
    - target: {fileID: 3815626015987557933, guid: 2b69eda8f8f845b45801b4a2db0839fb,
        type: 3}
      propertyPath: m_LocalEulerAnglesHint.x
      value: 0
      objectReference: {fileID: 0}
    - target: {fileID: 3815626015987557933, guid: 2b69eda8f8f845b45801b4a2db0839fb,
        type: 3}
      propertyPath: m_LocalEulerAnglesHint.y
      value: 90
      objectReference: {fileID: 0}
    - target: {fileID: 3815626015987557933, guid: 2b69eda8f8f845b45801b4a2db0839fb,
        type: 3}
      propertyPath: m_LocalEulerAnglesHint.z
      value: 0
      objectReference: {fileID: 0}
    - target: {fileID: 3815626015987557932, guid: 2b69eda8f8f845b45801b4a2db0839fb,
        type: 3}
      propertyPath: m_Name
      value: SixStraightTo4Way (7)
      objectReference: {fileID: 0}
    m_RemovedComponents: []
  m_SourcePrefab: {fileID: 100100000, guid: 2b69eda8f8f845b45801b4a2db0839fb, type: 3}
--- !u!4 &5187417408708233110 stripped
Transform:
  m_CorrespondingSourceObject: {fileID: 3815626015987557933, guid: 2b69eda8f8f845b45801b4a2db0839fb,
    type: 3}
  m_PrefabInstance: {fileID: 8290769585948729787}
  m_PrefabAsset: {fileID: 0}
--- !u!1001 &8859500537535122162
PrefabInstance:
  m_ObjectHideFlags: 0
  serializedVersion: 2
  m_Modification:
    m_TransformParent: {fileID: 6189461598347684203}
    m_Modifications:
    - target: {fileID: 3815626015987557933, guid: 2b69eda8f8f845b45801b4a2db0839fb,
        type: 3}
      propertyPath: m_LocalPosition.x
      value: -13.236
      objectReference: {fileID: 0}
    - target: {fileID: 3815626015987557933, guid: 2b69eda8f8f845b45801b4a2db0839fb,
        type: 3}
      propertyPath: m_LocalPosition.y
      value: -194.01
      objectReference: {fileID: 0}
    - target: {fileID: 3815626015987557933, guid: 2b69eda8f8f845b45801b4a2db0839fb,
        type: 3}
      propertyPath: m_LocalPosition.z
      value: 968.02
      objectReference: {fileID: 0}
    - target: {fileID: 3815626015987557933, guid: 2b69eda8f8f845b45801b4a2db0839fb,
        type: 3}
      propertyPath: m_LocalRotation.x
      value: 0
      objectReference: {fileID: 0}
    - target: {fileID: 3815626015987557933, guid: 2b69eda8f8f845b45801b4a2db0839fb,
        type: 3}
      propertyPath: m_LocalRotation.y
      value: -0.7071068
      objectReference: {fileID: 0}
    - target: {fileID: 3815626015987557933, guid: 2b69eda8f8f845b45801b4a2db0839fb,
        type: 3}
      propertyPath: m_LocalRotation.z
      value: 0
      objectReference: {fileID: 0}
    - target: {fileID: 3815626015987557933, guid: 2b69eda8f8f845b45801b4a2db0839fb,
        type: 3}
      propertyPath: m_LocalRotation.w
      value: 0.7071068
      objectReference: {fileID: 0}
    - target: {fileID: 3815626015987557933, guid: 2b69eda8f8f845b45801b4a2db0839fb,
        type: 3}
      propertyPath: m_RootOrder
      value: 5
      objectReference: {fileID: 0}
    - target: {fileID: 3815626015987557933, guid: 2b69eda8f8f845b45801b4a2db0839fb,
        type: 3}
      propertyPath: m_LocalEulerAnglesHint.x
      value: 0
      objectReference: {fileID: 0}
    - target: {fileID: 3815626015987557933, guid: 2b69eda8f8f845b45801b4a2db0839fb,
        type: 3}
      propertyPath: m_LocalEulerAnglesHint.y
      value: -90
      objectReference: {fileID: 0}
    - target: {fileID: 3815626015987557933, guid: 2b69eda8f8f845b45801b4a2db0839fb,
        type: 3}
      propertyPath: m_LocalEulerAnglesHint.z
      value: 0
      objectReference: {fileID: 0}
    - target: {fileID: 3815626015987557932, guid: 2b69eda8f8f845b45801b4a2db0839fb,
        type: 3}
      propertyPath: m_Name
      value: SixStraightTo4Way (3)
      objectReference: {fileID: 0}
    m_RemovedComponents: []
  m_SourcePrefab: {fileID: 100100000, guid: 2b69eda8f8f845b45801b4a2db0839fb, type: 3}
--- !u!4 &5620658814962674911 stripped
Transform:
  m_CorrespondingSourceObject: {fileID: 3815626015987557933, guid: 2b69eda8f8f845b45801b4a2db0839fb,
    type: 3}
  m_PrefabInstance: {fileID: 8859500537535122162}
  m_PrefabAsset: {fileID: 0}
